1669 2531
160 86 261 124 XIV
280 81 347 135 44]

655 80 874 120 DJVJNA
884 79 982 118 ΠΟ
1427 83 1474 126 31

162 171 303 210 mum’
333 175 400 207 aut
440 168 643 214 ‘vellem,
682 166 719 205 si
756 164 866 204 fieri
903 163 1146 214 potuisset,
1185 162 1385 202 iudices'
1412 170 1480 202 aut

161 235 309 284 aliquid
329 234 409 273 eius
429 232 537 271 modi
558 231 729 270 ediscere
748 229 933 280 potueris,
953 229 1146 278 praeclare
1174 234 1212 265 te
1240 235 1415 277 paratum
1440 227 1481 265 in

162 298 348 337 iudicium
376 304 582 335 venturum
611 292 801 333 arbitraris
814 295 832 331 ?
885 305 932 330 ac
951 291 982 329 si
1003 290 1073 329 tibi
1092 303 1209 328 nemo
1229 303 1481 339 responsurus
1497 286 1549 325 44

163 369 275 409 esset,
296 369 427 400 tamen
446 360 569 410 ipsam
589 370 757 404 causam,
771 364 814 394 ut
833 369 905 405 ego
925 355 1098 402 arbitror,
1119 355 1383 392 demonstrare
1401 367 1482 392 non

161 439 297 477 posses
315 441 322 464 :

365 437 470 462 nunc
499 436 549 461 ne
582 422 678 460 illud
716 420 876 470 quidem
907 420 1065 469 cogitas,
1099 418 1170 456 tibi
1204 431 1292 456 cum
1323 418 1482 457 homine

163 490 415 530 disertissimo
445 497 482 526 et
510 488 561 525 ad
589 486 801 525 dicendum
820 483 1064 534 paratissimo
1093 485 1264 521 futurum
1293 496 1377 521 esse
1405 496 1483 522 cer-

161 563 304 602 tamen,
326 553 484 603 quicum
504 552 624 589 modo
644 549 924 596 disserendum,
953 549 1073 586 modo
1094 547 1202 586 omni
1221 547 1371 586 ratione
1390 562 1483 598 pug-

161 620 335 658 nandum
366 617 670 665 certandumque
696 615 755 654 sit.

813 614 921 652 cuius
951 627 1024 664 ego
1058 614 1255 663 ingenium
1284 614 1338 653 ita
1363 615 1480 652 laudo

163 693 206 723 ut
225 697 305 723 non
323 682 605 733 pertimescam,
628 680 681 718 ita
699 681 824 730 probo
844 686 887 717 ut
906 692 969 717 me
988 680 1038 717 ab
1059 691 1106 717 eo
1126 678 1309 717 delectari
1333 679 1481 717 facilius

162 762 278 799 quam
304 746 432 796 decipi
460 753 594 795 putem
614 758 737 794 posse.

798 757 855 791 14.
886 757 1101 793 numquam
1120 743 1184 782 ille
1204 757 1267 782 me
1287 743 1480 793 opprimet

162 810 573 858 consilio,‚numquam
593 810 672 846 ullo
692 807 853 846 artificio
873 814 1075 857 pervertet,
1091 820 1304 856 numquam
1324 807 1481 857 ingenio

162 889 226 915 me
245 889 315 914 suo
335 875 565 912 labefactare
594 880 712 922 atque
739 872 930 910 infirmare
959 871 1172 910 conabitur.

161 939 330 980 hominis
367 938 575 989 petitiones
612 937 861 986 rationesque
894 935 1078 985 dicendi,

162 1065 293 1097 orators,
319 1059 385 1090 and
405 1059 438 1089 in
461 1057 604 1090 Cicero’s
626 1058 704 1089 time
719 1057 785 1088 had

163 1103 295 1133 become
310 1102 510 1142 hackneyed.
559 1102 604 1132 So
625 1101 658 1131 in
676 1100 785 1131 Greek

162 1156 197 1176 as
220 1145 379 1176 Demosth
402 1145 443 1175 de
459 1155 577 1175 corona
592 1145 717 1183 πρῶτον
730 1145 786 1180 μὲν

164 1188 187 1218 ὦ
202 1189 306 1228 ἄνδρες
325 1187 485 1224 Ἀθηναῖοι
507 1189 571 1217 τοῖς
595 1188 673 1218 θεοῖς
696 1188 784 1225 εὔχο-

162 1243 218 1269 μαι
235 1231 314 1261 πᾶσι
330 1232 380 1261 καὶ
397 1228 604 1261 πάσαις.......

202 1274 348 1312 vellem]
382 1278 435 1314 yet
459 1273 574 1304 Cicero
596 1272 709 1312 begins
735 1271 786 1302 his

161 1317 279 1357 speech
304 1327 363 1357 pro
389 1316 480 1347 Sulla
505 1316 645 1346 maxime
664 1315 784 1351 vellem,

161 1360 283 1397 iudam,
304 1364 341 1389 ut
345 1383 432 1390 .......
484 1358 598 1388 Halm.

204 1414 254 1442 44.
285 1401 510 1439 demonstrare]
542 1401 639 1431 make
665 1411 684 1430 a
708 1400 785 1431 bare

160 1449 331 1476 statement
356 1444 392 1475 of
417 1455 497 1486 your
519 1454 600 1474 case.
657 1443 719 1474 See
742 1454 785 1474 on

159 1489 175 1525 ἓ
195 1497 243 1528 39.
292 1489 404 1528 ipsam,
431 1487 567 1518 without
590 1487 731 1526 needing
751 1491 785 1517 to

159 1541 256 1571 argue
273 1531 402 1570 closely.
450 1530 494 1561 So
510 1532 526 1568 ξ
543 1528 582 1566 46
595 1534 682 1570 gestu
699 1530 773 1569 ipso.

202 1584 242 1604 ne
255 1574 341 1604 illud
351 1573 488 1614 quidem]
514 1583 664 1613 compare
680 1572 713 1610 ἓξ
730 1573 780 1611 48,

161 1614 213 1654 60,
234 1616 353 1647 Brutus
371 1616 386 1652 ἓ
414 1626 472 1657 199
497 1626 575 1646 nam
598 1616 685 1646 illud
703 1615 789 1656 quad

153 1659 270 1699 populo
301 1670 366 1689 non
396 1659 566 1699 probatur,
599 1669 639 1688 ne
667 1659 783 1688 intelle-

155 1702 245 1741 genli
258 1702 382 1742 quidem
398 1702 519 1732 oratori
532 1701 667 1742 probari
673 1705 782 1741 polest.

162 1744 264 1775 Halm
287 1745 367 1775 adds
386 1752 413 1774 ΙΙ
430 1744 463 1774 in
479 1745 614 1775 Verrem
632 1752 658 1774 ΙΙ
675 1746 691 1782 ἓ
712 1743 779 1774 106.

165 1788 231 1818 ‘As
246 1787 270 1818 it
286 1787 322 1825 is,
342 1787 467 1818 neither
482 1788 524 1818 do
540 1798 603 1827 you
619 1787 727 1817 reflect
743 1797 786 1817 on

160 1830 214 1860 the
243 1829 307 1861 fact
337 1830 420 1861 that⁷
427 1854 503 1860 ......
551 1830 685 1860 Tischer
714 1840 784 1860 ren-

160 1873 232 1903 ders
254 1873 459 1913 72⁶²...qltz'dem
482 1873 526 1913 by
545 1873 646 1903 ‘auch
668 1872 785 1913 nicht’„

160 1916 222 1947 See
240 1916 375 1956 Madvig
390 1918 406 1953 ξ
422 1925 496 1955 457.

200 1958 415 1989 dzssvserendam
442 1958 528 1996 cum]
556 1958 650 1989 ‘with
674 1958 783 1989 whom

159 2011 222 2041 you
235 2001 300 2031 will
313 2007 345 2032 at
355 2012 416 2032 one
429 2001 506 2032 time
518 2001 600 2032 have
612 2006 645 2031 to
658 2002 782 2041 argue'.

160 2044 205 2075 So
227 2045 321 2075 Acad
347 2052 374 2075 ΙΙ
401 2046 417 2082 ἓ
446 2045 482 2074 18
508 2045 650 2074 homines
671 2044 786 2084 dignos

158 2087 343 2127 quibuscum
358 2088 541 2124 disseratur,
562 2087 626 2117 and
649 2087 690 2117 de
713 2092 784 2118 orat

160 2137 173 2159 1
194 2131 208 2167 ἓ
234 2138 273 2169 57
298 2130 406 2161 where
432 2130 546 2160 dissero
570 2130 635 2160 and
660 2130 784 2170 disputo

159 2182 213 2203 are
227 2173 306 2203 used
321 2183 356 2203 as
371 2173 581 2213 equivalents.

201 2215 339 2254 ita...ut]
367 2215 508 2255 ‘though
525 2215 540 2245 I
558 2214 658 2256 speak
670 2214 785 2256 highly

159 2256 197 2287 of
214 2257 264 2288 his
287 2258 399 2296 talent,
423 2258 439 2288 I
464 2259 506 2289 do
536 2264 593 2288 not
616 2258 704 2298 quail
727 2258 782 2288 be-

159 2299 226 2331 fore
241 2299 292 2332 it’.
329 2301 374 2332 So
394 2312 453 2342 pro
470 2301 577 2339 Mur}
595 2302 645 2340 58,
664 2301 707 2331 ad
722 2301 785 2333 Att

159 2349 184 2374 v
198 2352 218 2385 9
233 2344 250 2382 ἓ
266 2352 296 2376 2.
344 2344 407 2376 See
423 2344 551 2385 Roby§
570 2352 660 2384 1704.

1230 871 1322 910 novi
1346 885 1481 910 omnes

1118 949 1234 986 saepe
1271 936 1312 974 in
1343 936 1480 984 isdem,

897 1056 960 1087 xiv.
987 1055 1152 1096 opprzmet]
1176 1054 1313 1096 surprise
1329 1065 1390 1093 me,
1405 1055 1481 1086 take

853 1110 906 1130 me
932 1109 1107 1129 unawares.
1147 1098 1192 1129 So
1217 1099 1282 1129 'ler
1313 1099 1391 1128 And
1419 1109 1455 1129 22²
1463 1108 1478 1137 7

853 1153 941 1172 conv
941 1153 1038 1172 ’mam
1062 1142 1283 1182 Pamplnlum,
1304 1152 1343 1171 ne
1363 1142 1400 1171 de
1420 1142 1481 1171 lmc

853 1196 888 1216 η’
909 1189 1005 1225 pater
1040 1185 1271 1224 zmpaudentmn
1302 1185 1475 1232 opprima!

855 1228 975 1259 Caesar
998 1227 1063 1258 bell
1087 1227 1162 1258 Gall
1186 1235 1224 1257 IV
1248 1240 1267 1266 4
1293 1228 1406 1257 inscios
1429 1239 1480 1257 m-

854 1272 1079 1312 epulantesque
1120 1270 1288 1310 llletmpws
1330 1275 1478 1310 ορῤῑεςςι

854 1319 942 1345 runt.

896 1356 1036 1395 consilio]
1060 1367 1079 1387 a
1098 1361 1281 1396 stratagem.
1331 1356 1392 1388 See
1408 1367 1451 1388 on
1468 1364 1481 1388 Ι

853 1399 887 1430 in
903 1400 1038 1430 Verrem
1053 1401 1069 1438 ξ
1088 1408 1138 1439 33.
1185 1399 1225 1429 In
1240 1409 1299 1440 pro
1316 1399 1393 1430 Mur
1408 1403 1424 1438 ἓ
1442 1411 1481 1439 24

853 1453 960 1473 eorum
982 1443 1112 1473 consi'lzo
1127 1446 1155 1472 et
1165 1443 1306 1482 periculo
1321 1443 1380 1474 it=
1390 1449 1482 1474 strat-

854 1496 923 1525 egy.
975 1485 1065 1516 Here
1087 1485 1112 1516 it
1133 1496 1297 1527 expresses
1312 1487 1480 1527 metapho-

853 1528 965 1569 rically
981 1528 1035 1559 the
1051 1528 1223 1560 dexterous
1246 1529 1433 1570 sophistries
1449 1529 1487 1560 of

853 1582 873 1602 a
888 1571 1048 1613 practised
1065 1577 1183 1602 orator.

896 1626 938 1645 ar
939 1615 1047 1656 lificz'o]
1064 1614 1223 1645 technical
1233 1614 1341 1652 skill‚‘
1350 1614 1469 1646 knack’
1473 1639 1479 1646 .

855 1658 945 1689 Here
967 1658 983 1688 Ι
1006 1658 1131 1689 believe
1151 1658 1316 1697 wrestling
1339 1658 1482 1698 supplies

853 1701 908 1731 the
930 1701 1111 1742 metaphor.
1157 1701 1277 1732 Notice
1293 1701 1348 1732 the
1366 1701 1480 1732 Chias-

853 1754 924 1775 mus
940 1744 973 1774 in
989 1744 1052 1775 this
1069 1748 1229 1774 sentence.

893 1787 1056 1825 pervertet]
1085 1786 1309 1818 ‘overthrow’.
1361 1787 1405 1818 So
1422 1797 1481 1828 pro

855 1830 946 1860 Sulla
970 1830 986 1866 ἓ
1014 1828 1065 1869 46,
1096 1840 1155 1870 pro
1183 1830 1334 1861 Cluentio
1358 1832 1375 1868 ἓ
1410 1831 1479 1861 108.

853 1873 904 1903 To
929 1873 1019 1913 ‘give
1043 1883 1063 1903 a
1085 1871 1157 1903 fall'
1173 1873 1328 1903 here=to
1350 1878 1404 1913 get
1426 1873 1480 1903 the

853 1916 957 1946 better
983 1915 1020 1946 of
1046 1916 1080 1946 in
1106 1926 1147 1946 an
1177 1915 1348 1946 oratorical
1373 1921 1479 1946 set-to.

850 1959 923 1989 The
939 1959 1110 1999 metaphor
1135 1958 1161 1989 is
1183 1958 1264 1999 kept
1285 1969 1329 2000 up
1353 1958 1386 1989 in
1401 1959 1480 1989 lalae-

841 2003 972 2044 faclare
985 2002 1050 2032 and
1065 2001 1212 2042 infirmem
1214 2013 1244 2032 e.

894 2045 1031 2085 mgem'o]
1064 2044 1109 2084 by
1139 2045 1327 2083 cleverness,
1361 2043 1395 2074 in
1425 2045 1480 2075 de

850 2087 929 2118 fault
946 2087 983 2118 of
994 2088 1098 2118 sound
1114 2098 1252 2118 reasons.

885 2131 1062 2170 petitiones]
1104 2131 1195 2161 ‘cuts
1233 2130 1298 2160 and
1328 2129 1464 2161 thrusts'
1466 2154 1474 2167 ‚

850 2183 870 2203 a
894 2173 1066 2214 metaphor
1089 2172 1172 2203 from
1198 2173 1253 2203 the
1278 2172 1417 2213 fighting
1446 2172 1484 2203 of

849 2215 1036 2256 gladiators.
1084 2216 1246 2256 Compare
1262 2221 1369 2246 orator
1384 2217 1400 2253 ἓ
1419 2218 1479 2246 228

850 2263 890 2290 ut
909 2259 994 2289 enim
1018 2259 1152 2289 athletas
1181 2269 1236 2288 uec
1265 2259 1365 2288 multo
1393 2267 1481 2288 secus·

845 2302 1039 2342 gladiatores
1052 2302 1194 2331 videmus
1205 2301 1292 2332 nihil
1305 2311 1359 2332 uec
1373 2301 1479 2331 vilan-

851 2344 890 2375 do
909 2344 1019 2385 fizcere
1043 2348 1133 2375 caute
1160 2354 1216 2375 nec
1237 2344 1369 2385 fetendo
1394 2343 1480 2376 velte-
