1669 2531
160 76 244 115 XII
266 72 334 126 39]

653 73 872 112 DJVJNA
881 73 978 111 ΠΟ
1420 82 1467 120 27

158 165 260 197 trum
287 157 523 197 familiariter
555 165 684 196 tecum
713 158 944 207 loquar—tu
973 156 1055 205 ipse
1083 169 1201 205 quem
1228 155 1280 193 ad
1308 155 1470 194 modum

159 223 365 270 existimes,
396 222 486 261 vide
516 222 634 261 etiam
667 229 784 271 atque
813 221 941 267 etiam,
971 228 1009 258 et
1035 227 1076 258 tu
1107 228 1145 258 te
1170 220 1308 269 collige
1336 227 1374 258 et
1403 218 1470 268 qui

159 286 210 325 sis
238 293 276 324 et
305 287 399 335 quid
436 287 560 324 facere
590 285 713 335 possis
742 283 954 322 considera.

1011 291 1174 332 putasne
1202 290 1240 320 te
1268 295 1382 332 posse
1419 283 1470 320 de

158 351 334 389 maximis
362 350 697 398 acerbissimisque
722 350 848 395 rebus,
876 361 964 385 cum
995 361 1150 385 causam
1179 347 1372 385 sociorum
1399 347 1470 385 for-

158 423 347 465 tunasque
360 414 590 465 provinciae,
604 414 662 451 ius
678 413 812 462 populi
832 411 1002 450 Romani
1021 412 1322 461 gravitatemque
1338 411 1470 450 iudicii

157 481 365 528 legumque
397 477 623 527 susceperis,
649 484 706 515 tot
732 489 804 522 res,
830 483 910 513 tam
940 487 1086 523 graves,
1116 482 1195 512 tam
1223 474 1346 512 varias
1373 488 1470 513 voce

158 544 357 590 memoria,
375 543 538 581 consilio
558 541 714 591 ingenio
734 540 948 578 sustinere?
984 546 1148 588 putasne
1168 546 1204 576 te
1223 552 1349 588 posse,
1370 552 1468 588 quae
1487 541 1535 578 38

158 609 191 646 C
215 610 355 646 Verres
376 607 416 645 in
436 613 653 656 quaestura,
684 618 783 654 quae
808 604 848 642 in
872 603 1076 653 legatione,
1106 603 1262 652 quaein
1281 611 1467 652 praetura,

157 685 257 721 quae
277 674 439 718 Romae,
470 684 570 720 quae
601 670 641 708 in
669 669 791 715 Italia,
814 682 912 718 quae
932 668 972 705 in
991 668 1149 715 Achaia,
1169 668 1262 706 Asia
1282 670 1470 718 Pamphy-

156 735 284 784 liaque
313 734 493 784 peccarit,
525 747 581 780 ea,
602 746 719 782 quem
749 733 800 770 ad
833 732 994 770 modum
1028 731 1122 770 locis
1155 731 1470 780 temporibusque

156 797 279 836 divisa
315 797 401 844 sint,
441 796 496 834 sic
533 796 759 834 criminibus
797 803 835 834 et
872 795 1046 833 oratione
1085 795 1348 844 distinguere?
1403 808 1470 844 pu-

156 870 264 900 tasne
283 869 321 900 te
345 874 471 911 posse,
503 861 543 899 id
568 861 675 910 quod
704 860 744 898 in
776 860 890 898 huius
917 860 1024 898 modi
1054 873 1119 898 reo
1150 860 1316 898 maxime
1341 873 1471 898 neces-

155 926 296 964 sarium
333 933 402 972 est,
439 927 563 964 facere
592 934 646 972 ut,
685 939 784 974 quae
821 925 885 963 ille
921 925 1139 972 libidinose,
1178 938 1277 974 quae
1314 925 1468 972 nefarie,

155 1002 254 1039 quae
290 989 495 1028 crudeliter
521 989 662 1036 fecerit,
702 1002 748 1027 ea
779 1002 903 1038 aeque
938 990 1076 1027 acerba
1108 997 1146 1027 et
1180 988 1340 1038 indigna
1366 989 1470 1027 vide-

155 1062 268 1092 antur
305 1068 388 1093 esse
421 1054 479 1092 his
514 1054 579 1103 qui
609 1053 767 1092 audient
806 1061 922 1102 atque
955 1053 1029 1091 illis
1057 1053 1138 1091 visa
1166 1061 1254 1091 sunt
1292 1052 1357 1102 qui
1386 1067 1469 1091 sen-

156 1122 315 1158 serunt?
369 1132 510 1169 magna
536 1126 624 1157 sunt
645 1132 700 1166 ea,
723 1131 821 1168 quae
841 1119 942 1166 dico,
972 1118 1067 1156 mihi
1096 1118 1210 1156 crede
1227 1132 1237 1165 3
1269 1117 1350 1156 noli
1373 1119 1468 1156 haec
1488 1120 1535 1157 39

188 1226 418 1266 familiariter]
440 1226 494 1257 the
510 1226 602 1266 irony
617 1225 654 1256 of
672 1225 736 1256 this
752 1225 779 1256 is

155 1269 302 1300 obvious.

165 1337 167 1339 .
198 1317 226 1342 te
247 1311 365 1352 collige]
404 1311 494 1352 ‘pull
517 1310 663 1352 yourself
689 1315 777 1350 toge-

154 1353 250 1386 ther’.
300 1355 406 1395 Comp
432 1355 517 1385 Tusc
540 1355 613 1394 disp
631 1362 668 1384 1V
693 1356 709 1391 ξ
739 1355 777 1392 78

153 1398 234 1438 quid
255 1402 298 1428 est
318 1402 423 1428 autem
445 1408 475 1427 se
500 1397 605 1437 ipsum
628 1397 775 1436 colligere,

154 1441 220 1471 nisi
232 1440 400 1480 dissipatas
413 1441 520 1470 animi
524 1444 634 1480 partes
643 1449 777 1470 rursum

153 1484 190 1514 in
204 1494 300 1513 suum
315 1484 417 1513 locum
433 1493 534 1523 cogere
545 1483 561 1513 ?

195 1526 234 1556 de
254 1526 357 1564 rebus]
391 1529 398 1542 ‘
412 1525 507 1556 when
530 1529 621 1566 great
645 1529 778 1555 matters

153 1578 207 1599 are
223 1569 256 1599 in
272 1568 447 1609 question’.
475 1568 547 1598 The
559 1568 778 1599 construction

154 1611 192 1642 of
216 1611 270 1643 the
300 1616 451 1642 sentence
480 1611 573 1642 takes
603 1621 623 1641 a
652 1611 778 1641 sudden

154 1659 237 1685 turn.

196 1697 247 1726 ius
262 1695 379 1737 populi
397 1696 553 1735 Romam]
577 1695 681 1726 Halm
702 1695 778 1726 well

153 1739 252 1770 refers
268 1745 301 1769 to
317 1739 372 1769 the
393 1749 466 1770 case
492 1739 529 1769 of
552 1739 674 1770 Gavius
698 1746 726 1769 11
743 1739 777 1769 in

153 1781 291 1814 Verrem
306 1789 330 1811 V
345 1783 379 1820 ἓξ
399 1782 575 1820 158—170.

196 1824 337 1862 consilio]
367 1823 477 1854 ‘tact’.
511 1833 663 1864 compare
686 1825 702 1862 ἓ
724 1831 773 1864 73,

153 1877 214 1908 pro
225 1867 301 1897 Mur
312 1868 327 1904 ἓ
338 1877 378 1905 ²4
393 1867 520 1897 consilio
534 1871 626 1907 atque
638 1867 781 1897 oratione

152 1914 268 1940 mentes
276 1914 467 1949 permovere.

131 1947 135 1954 ’
195 1952 360 1991 sustinere]
383 1956 418 1982 to
438 1952 481 1982 do
499 1950 615 1992 justice
637 1955 672 1983 to
687 1951 777 1983 them

153 1994 208 2025 all.

196 2038 246 2076 38.
293 2036 478 2078 quaestura]
502 2035 535 2067 in
552 2044 598 2067 BC
616 2038 653 2068 82
672 2036 721 2074 (or
737 2037 775 2075 84

152 2079 328 2120 according
349 2085 383 2111 to
407 2087 435 2110 11
458 2080 490 2110 in
507 2080 642 2110 Verrem
659 2087 672 2110 1
688 2081 704 2118 ἓ
723 2081 775 2119 34)

151 2122 270 2154 Verres
295 2123 361 2153 had
386 2122 470 2153 been
492 2122 653 2162 Quaestor
674 2127 709 2153 to
726 2123 777 2153 Cn

152 2165 300 2206 Papirius
328 2165 437 2196 Carbo
462 2164 541 2196 then
568 2165 679 2195 consul
711 2166 776 2196 and

151 2218 171 2238 a
193 2212 364 2248 supporter
387 2208 425 2238 of
444 2207 499 2238 the
524 2208 652 2238 Marian
667 2213 770 2248 party.

152 2250 235 2281 Him
250 2251 292 2281 he
307 2251 455 2281 deserted
469 2251 532 2280 and
545 2250 657 2290 joined
671 2250 771 2289 Sulla,

150 2293 265 2333 taking
273 2293 351 2323 with
362 2293 431 2323 him
447 2293 502 2324 the
517 2293 658 2332 military
670 2293 770 2333 chest,

150 2345 204 2367 see
220 2343 249 2366 11
265 2335 299 2366 in
314 2335 450 2368 Verrem
466 2343 478 2366 1
494 2337 529 2375 ἓξ
545 2345 682 2376 34—40.

885 1225 1048 1265 legatione]
1072 1235 1125 1255 see
1141 1235 1182 1255 on
1199 1224 1325 1255 Achaia
1341 1226 1357 1262 ἓ
1374 1223 1402 1256 6.

880 1267 1053 1308 praetura]
1091 1278 1126 1298 as
1156 1272 1289 1308 praetor
1324 1267 1470 1298 urbanus

845 1318 892 1342 BC
912 1319 958 1349 74.

886 1353 1095 1394 Pamphylia]
1117 1363 1170 1383 see
1193 1363 1236 1384 on
1259 1361 1271 1383 1
1287 1352 1320 1383 in
1335 1351 1468 1384 Verrem

843 1397 860 1434 ἓ
878 1405 907 1426 2.

885 1438 1086 1477 cm'mz'm'bns]
1129 1438 1209 1468 with
1243 1437 1298 1468 the
1334 1438 1467 1479 charges

845 1480 971 1519 (counts
1001 1481 1038 1511 of
1065 1482 1118 1512 the
1155 1481 1358 1518 indictment)
1391 1492 1466 1511 con-

843 1524 952 1554 tained
974 1524 1006 1554 in
1029 1534 1110 1564 your
1132 1524 1249 1564 speech
1267 1525 1308 1561 (et
1327 1525 1469 1554 oratione

843 1567 1080 1640 agendiadys).
1128 1567 1191 1598 See
1213 1568 1295 1607 530,
1315 1577 1374 1608 pro
1392 1567 1467 1597 Mur

884 1652 1085 1692 distinguere]
1111 1652 1119 1667 ‘
1129 1658 1176 1683 set
1191 1652 1277 1683 forth
1293 1652 1326 1682 in
1342 1651 1461 1689 order',

847 1696 1052 1735 =d22vponere‚
1087 1706 1106 1726 a
1135 1695 1263 1736 regular
1292 1695 1466 1726 rhetorical

843 1742 934 1768 term.

877 1785 1018 1821 putasne
1035 1780 1136 1821 posse]
1161 1781 1295 1811 Richter
1318 1780 1392 1811 well
1417 1791 1464 1811 re-

841 1823 951 1854 marks
976 1824 1044 1854 that
1071 1828 1099 1854 te
1119 1824 1177 1854 has
1200 1823 1360 1864 probably
1382 1824 1465 1854 been

842 1866 990 1906 dropped
1019 1871 1075 1897 out
1105 1866 1182 1897 here
1212 1866 1353 1907 through
1379 1876 1464 1897 care-

841 1908 988 1939 lessness.

884 1962 978 1992 aeque
1000 1951 1122 1990 acerba]
1146 1951 1201 1983 the
1223 1951 1357 1982 orator's
1379 1950 1465 1982 ideal

842 1993 868 2024 is
884 1994 1022 2025 reached
1045 1994 1072 2024 if
1093 1994 1135 2025 he
1157 1994 1184 2024 is
1206 1994 1280 2024 able
1298 1996 1380 2025 ἴσους
1396 1997 1465 2025 τοὺς

842 2037 954 2075 λόγους
965 2037 1010 2075 τῷ
1019 2039 1144 2075 με’γέθει
1154 2037 1216 2067 τῶν
1226 2038 1325 2076 ἔργων
1337 2038 1466 2074 ἐξευρεῖν

843 2079 945 2116 (Isocr
970 2090 1076 2120 paneg
1102 2081 1118 2117 ἓ
1144 2083 1204 2118 13),
1233 2080 1302 2110 that
1329 2079 1354 2109 is
1369 2080 1464 2120 fizcta

840 2123 941 2152 verbis
968 2123 1114 2163 consequi
1142 2124 1228 2161 (auct
1258 2123 1299 2152 ad
1328 2122 1464 2153 Herenn

841 2172 884 2195 111
901 2166 917 2203 ἓ
936 2165 984 2205 11)
1003 2175 1040 2195 or
1062 2175 1234 2206 exaequare
1250 2164 1385 2204 (Sallust
1402 2165 1464 2196 Cat

842 2217 860 2247 3
877 2209 893 2245 ξ
911 2207 952 2248 2).
993 2207 1105 2239 Halm.

885 2259 933 2289 39.
962 2249 1154 2288 mihicrede]
1176 2254 1254 2281 note
1275 2249 1330 2281 the
1350 2249 1463 2281 mock-

840 2293 1048 2324 confidentia]
1071 2293 1118 2323 air
1133 2293 1212 2324 with
1229 2292 1335 2324 which
1356 2293 1421 2324 this
1436 2293 1464 2326 is

838 2335 919 2367 said.
