<?xml version="1.0" encoding="UTF-8"?>
<!DOCTYPE html PUBLIC "-//W3C//DTD XHTML 1.0 Transitional//EN"
    "http://www.w3.org/TR/xhtml1/DTD/xhtml1-transitional.dtd">
<html xmlns="http://www.w3.org/1999/xhtml" xml:lang="en" lang="en">
 <head>
  <title>
</title>
<meta http-equiv="Content-Type" content="text/html;charset=utf-8" />
  <meta name='ocr-system' content='tesseract 3.04.00' />
  <meta name='ocr-capabilities' content='ocr_page ocr_carea ocr_par ocr_line ocrx_word'/>
</head>
<body>
  <div class='ocr_page' id='page_1' title='image "./inqcaeciliumdivi00ciceuoft_0041.png"; bbox 0 0 1669 2531; ppageno 0'>
   <div class='ocr_carea' id='block_1_1' title="bbox 0 0 27 2531">
    <p class='ocr_par' dir='ltr' id='par_1_1' title="bbox 0 0 27 2531">
     <span class='ocr_line' id='line_1_1' title="bbox 0 0 27 2531; baseline 0 0"><span class='ocrx_word' id='word_1_1' title='bbox 0 0 27 2531; x_wconf 95' lang='lat' dir='ltr'><strong> </strong></span> 
     </span>
    </p>
   </div>
   <div class='ocr_carea' id='block_1_2' title="bbox 204 88 350 142">
    <p class='ocr_par' dir='ltr' id='par_1_2' title="bbox 204 88 350 142">
     <span class='ocr_line' id='line_1_2' title="bbox 204 88 350 142; baseline 0 -14"><span class='ocrx_word' id='word_1_2' title='bbox 204 92 264 128; x_wconf 89' lang='lat' dir='ltr'><strong>IX</strong></span> <span class='ocrx_word' id='word_1_3' title='bbox 287 88 350 142; x_wconf 85' lang='lat'><strong>28]</strong></span> 
     </span>
    </p>
   </div>
   <div class='ocr_carea' id='block_1_3' title="bbox 692 77 1525 127">
    <p class='ocr_par' dir='ltr' id='par_1_3' title="bbox 692 77 1525 127">
     <span class='ocr_line' id='line_1_3' title="bbox 692 77 1525 127; baseline -0.007 0"><span class='ocrx_word' id='word_1_4' title='bbox 692 77 910 127; x_wconf 80' lang='lat' dir='ltr'><em>DJVJNA</em></span> <span class='ocrx_word' id='word_1_5' title='bbox 921 88 1016 126; x_wconf 72' lang='grc' dir='ltr'><strong>ΠΟ</strong></span> <span class='ocrx_word' id='word_1_6' title='bbox 1469 89 1525 121; x_wconf 71' lang='lat'><strong>2&#39;1‘</strong></span> 
     </span>
    </p>
   </div>
   <div class='ocr_carea' id='block_1_4' title="bbox 201 167 1519 607">
    <p class='ocr_par' dir='ltr' id='par_1_4' title="bbox 201 167 1519 607">
     <span class='ocr_line' id='line_1_4' title="bbox 202 167 1518 225; baseline -0.007 -10"><span class='ocrx_word' id='word_1_7' title='bbox 202 188 301 223; x_wconf 88' lang='lat' dir='ltr'><strong>care,</strong></span> <span class='ocrx_word' id='word_1_8' title='bbox 328 183 446 225; x_wconf 89' lang='lat' dir='ltr'><strong>atque</strong></span> <span class='ocrx_word' id='word_1_9' title='bbox 471 188 556 214; x_wconf 85' lang='lat' dir='ltr'><strong>eam</strong></span> <span class='ocrx_word' id='word_1_10' title='bbox 580 188 661 213; x_wconf 91' lang='lat' dir='ltr'><strong>non</strong></span> <span class='ocrx_word' id='word_1_11' title='bbox 681 174 801 212; x_wconf 89' lang='lat' dir='ltr'><strong>modo</strong></span> <span class='ocrx_word' id='word_1_12' title='bbox 821 173 861 211; x_wconf 91' lang='lat' dir='ltr'><strong>in</strong></span> <span class='ocrx_word' id='word_1_13' title='bbox 885 171 1024 211; x_wconf 88' lang='lat' dir='ltr'><strong>animis</strong></span> <span class='ocrx_word' id='word_1_14' title='bbox 1049 170 1232 217; x_wconf 88' lang='lat' dir='ltr'><strong>iudicum,</strong></span> <span class='ocrx_word' id='word_1_15' title='bbox 1254 169 1323 208; x_wconf 90' lang='lat' dir='ltr'><strong>sed</strong></span> <span class='ocrx_word' id='word_1_16' title='bbox 1343 168 1458 207; x_wconf 88' lang='lat' dir='ltr'><strong>etiam</strong></span> <span class='ocrx_word' id='word_1_17' title='bbox 1477 167 1518 206; x_wconf 90' lang='lat' dir='ltr'><strong>in</strong></span> 
     </span>
     <span class='ocr_line' id='line_1_5' title="bbox 203 234 1514 289; baseline -0.005 -12"><span class='ocrx_word' id='word_1_18' title='bbox 203 238 323 277; x_wconf 89' lang='lat' dir='ltr'><strong>oculis</strong></span> <span class='ocrx_word' id='word_1_19' title='bbox 349 247 641 289; x_wconf 85' lang='lat' dir='ltr'><strong>conspectuque</strong></span> <span class='ocrx_word' id='word_1_20' title='bbox 670 237 844 277; x_wconf 88' lang='lat' dir='ltr'><strong>omnium</strong></span> <span class='ocrx_word' id='word_1_21' title='bbox 873 238 1095 286; x_wconf 81' lang='lat' dir='ltr'><strong>exponere?</strong></span> <span class='ocrx_word' id='word_1_22' title='bbox 1123 234 1316 273; x_wconf 88' lang='lat' dir='ltr'><strong>sociorum</strong></span> <span class='ocrx_word' id='word_1_23' title='bbox 1340 234 1514 279; x_wconf 86' lang='lat' dir='ltr'><strong>salutem,</strong></span> 
     </span>
     <span class='ocr_line' id='line_1_6' title="bbox 202 297 1516 353; baseline -0.002 -14"><span class='ocrx_word' id='word_1_24' title='bbox 202 304 412 341; x_wconf 84' lang='lat' dir='ltr'><strong>commoda</strong></span> <span class='ocrx_word' id='word_1_25' title='bbox 438 302 732 353; x_wconf 87' lang='lat' dir='ltr'><strong>provinciarum,</strong></span> <span class='ocrx_word' id='word_1_26' title='bbox 753 301 831 340; x_wconf 88' lang='lat' dir='ltr'><strong>vim</strong></span> <span class='ocrx_word' id='word_1_27' title='bbox 860 303 1000 350; x_wconf 84' lang='lat' dir='ltr'><strong>legum,</strong></span> <span class='ocrx_word' id='word_1_28' title='bbox 1030 299 1255 349; x_wconf 87' lang='lat' dir='ltr'><strong>gravitatem</strong></span> <span class='ocrx_word' id='word_1_29' title='bbox 1284 297 1516 337; x_wconf 89' lang='lat' dir='ltr'><strong>iudiciorum</strong></span> 
     </span>
     <span class='ocr_line' id='line_1_7' title="bbox 203 362 1519 416; baseline -0.005 -10"><span class='ocrx_word' id='word_1_30' title='bbox 203 368 441 406; x_wconf 81' lang='lat' dir='ltr'><strong>defendere?</strong></span> <span class='ocrx_word' id='word_1_31' title='bbox 497 381 530 416; x_wconf 92' lang='lat'><strong>9.</strong></span> <span class='ocrx_word' id='word_1_32' title='bbox 566 379 759 416; x_wconf 86' lang='lat' dir='ltr'><strong>cognosce</strong></span> <span class='ocrx_word' id='word_1_33' title='bbox 777 379 824 403; x_wconf 87' lang='lat' dir='ltr'><strong>ex</strong></span> <span class='ocrx_word' id='word_1_34' title='bbox 842 378 917 412; x_wconf 92' lang='lat' dir='ltr'><strong>me,</strong></span> <span class='ocrx_word' id='word_1_35' title='bbox 939 364 1124 414; x_wconf 85' lang='lat' dir='ltr'><strong>quoniam</strong></span> <span class='ocrx_word' id='word_1_36' title='bbox 1143 364 1219 401; x_wconf 94' lang='lat' dir='ltr'><strong>hoc</strong></span> <span class='ocrx_word' id='word_1_37' title='bbox 1239 362 1405 412; x_wconf 89' lang='lat' dir='ltr'><strong>primum</strong></span> <span class='ocrx_word' id='word_1_38' title='bbox 1424 369 1519 400; x_wconf 91' lang='lat' dir='ltr'><strong>tem-</strong></span> 
     </span>
     <span class='ocr_line' id='line_1_8' title="bbox 202 425 1517 481; baseline -0.005 -11"><span class='ocrx_word' id='word_1_39' title='bbox 202 445 275 481; x_wconf 90' lang='lat' dir='ltr'><strong>pus</strong></span> <span class='ocrx_word' id='word_1_40' title='bbox 296 431 470 470; x_wconf 92' lang='lat' dir='ltr'><strong>discendi</strong></span> <span class='ocrx_word' id='word_1_41' title='bbox 498 439 632 469; x_wconf 84' lang='lat' dir='ltr'><strong>nactus</strong></span> <span class='ocrx_word' id='word_1_42' title='bbox 652 443 704 477; x_wconf 89' lang='lat' dir='ltr'><strong>es,</strong></span> <span class='ocrx_word' id='word_1_43' title='bbox 726 443 842 479; x_wconf 84' lang='lat' dir='ltr'><strong>quarn</strong></span> <span class='ocrx_word' id='word_1_44' title='bbox 862 431 984 467; x_wconf 88' lang='lat' dir='ltr'><strong>multa</strong></span> <span class='ocrx_word' id='word_1_45' title='bbox 1003 441 1086 467; x_wconf 89' lang='lat' dir='ltr'><strong>esse</strong></span> <span class='ocrx_word' id='word_1_46' title='bbox 1106 434 1282 477; x_wconf 79' lang='lat' dir='ltr'><strong>oporteat</strong></span> <span class='ocrx_word' id='word_1_47' title='bbox 1301 426 1341 464; x_wconf 92' lang='lat' dir='ltr'><strong>in</strong></span> <span class='ocrx_word' id='word_1_48' title='bbox 1361 440 1419 474; x_wconf 89' lang='lat' dir='ltr'><strong>eo,</strong></span> <span class='ocrx_word' id='word_1_49' title='bbox 1450 425 1517 475; x_wconf 90' lang='lat' dir='ltr'><strong>qui</strong></span> 
     </span>
     <span class='ocr_line' id='line_1_9' title="bbox 201 491 1518 543; baseline -0.005 -9"><span class='ocrx_word' id='word_1_50' title='bbox 201 496 365 534; x_wconf 85' lang='lat' dir='ltr'><strong>alterum</strong></span> <span class='ocrx_word' id='word_1_51' title='bbox 393 503 572 534; x_wconf 87' lang='lat' dir='ltr'><strong>accuset:</strong></span> <span class='ocrx_word' id='word_1_52' title='bbox 601 508 649 533; x_wconf 86' lang='lat' dir='ltr'><strong>ex</strong></span> <span class='ocrx_word' id='word_1_53' title='bbox 676 494 817 543; x_wconf 90' lang='lat' dir='ltr'><strong>quibus</strong></span> <span class='ocrx_word' id='word_1_54' title='bbox 846 493 877 532; x_wconf 91' lang='lat' dir='ltr'><strong>si</strong></span> <span class='ocrx_word' id='word_1_55' title='bbox 904 506 1025 531; x_wconf 88' lang='lat' dir='ltr'><strong>unum</strong></span> <span class='ocrx_word' id='word_1_56' title='bbox 1054 492 1211 541; x_wconf 84' lang='lat' dir='ltr'><strong>aliquod</strong></span> <span class='ocrx_word' id='word_1_57' title='bbox 1242 491 1281 529; x_wconf 93' lang='lat' dir='ltr'><strong>in</strong></span> <span class='ocrx_word' id='word_1_58' title='bbox 1310 499 1348 529; x_wconf 92' lang='lat' dir='ltr'><strong>te</strong></span> <span class='ocrx_word' id='word_1_59' title='bbox 1376 503 1518 540; x_wconf 85' lang='lat' dir='ltr'><strong>cogno-</strong></span> 
     </span>
     <span class='ocr_line' id='line_1_10' title="bbox 202 555 1517 607; baseline -0.003 -11"><span class='ocrx_word' id='word_1_60' title='bbox 202 558 311 605; x_wconf 85' lang='lat' dir='ltr'><strong>veris,</strong></span> <span class='ocrx_word' id='word_1_61' title='bbox 341 571 413 607; x_wconf 86' lang='lat' dir='ltr'><strong>ego</strong></span> <span class='ocrx_word' id='word_1_62' title='bbox 442 558 518 596; x_wconf 88' lang='lat' dir='ltr'><strong>iam</strong></span> <span class='ocrx_word' id='word_1_63' title='bbox 546 557 617 595; x_wconf 87' lang='lat' dir='ltr'><strong>tibi</strong></span> <span class='ocrx_word' id='word_1_64' title='bbox 644 557 727 606; x_wconf 89' lang='lat' dir='ltr'><strong>ipse</strong></span> <span class='ocrx_word' id='word_1_65' title='bbox 755 556 854 595; x_wconf 90' lang='lat' dir='ltr'><strong>istuc</strong></span> <span class='ocrx_word' id='word_1_66' title='bbox 882 557 988 606; x_wconf 90' lang='lat' dir='ltr'><strong>quod</strong></span> <span class='ocrx_word' id='word_1_67' title='bbox 1026 555 1173 605; x_wconf 84' lang='lat' dir='ltr'><strong>expetis</strong></span> <span class='ocrx_word' id='word_1_68' title='bbox 1202 567 1289 593; x_wconf 85' lang='lat' dir='ltr'><strong>mea</strong></span> <span class='ocrx_word' id='word_1_69' title='bbox 1316 555 1517 593; x_wconf 85' lang='lat' dir='ltr'><strong>voluntate</strong></span> 
     </span>
    </p>
   </div>
   <div class='ocr_carea' id='block_1_5' title="bbox 202 622 428 659">
    <p class='ocr_par' dir='ltr' id='par_1_5' title="bbox 202 622 428 659">
     <span class='ocr_line' id='line_1_11' title="bbox 202 622 428 659; baseline -0.004 0"><span class='ocrx_word' id='word_1_70' title='bbox 202 622 428 659; x_wconf 85' lang='lat' dir='ltr'><strong>concedam.</strong></span> 
     </span>
    </p>
   </div>
   <div class='ocr_carea' id='block_1_6' title="bbox 482 617 1503 670">
    <p class='ocr_par' dir='ltr' id='par_1_6' title="bbox 482 617 1503 670">
     <span class='ocr_line' id='line_1_12' title="bbox 482 617 1503 670; baseline -0.002 -13"><span class='ocrx_word' id='word_1_71' title='bbox 482 621 650 670; x_wconf 88' lang='lat' dir='ltr'><strong>primum</strong></span> <span class='ocrx_word' id='word_1_72' title='bbox 678 619 936 669; x_wconf 84' lang='lat' dir='ltr'><strong>integritatem</strong></span> <span class='ocrx_word' id='word_1_73' title='bbox 961 626 1078 668; x_wconf 85' lang='lat' dir='ltr'><strong>atque</strong></span> <span class='ocrx_word' id='word_1_74' title='bbox 1103 617 1365 657; x_wconf 77' lang='lat' dir='ltr'><strong>innocentiam</strong></span> <span class='ocrx_word' id='word_1_75' title='bbox 1392 617 1503 668; x_wconf 85' lang='lat' dir='ltr'><strong>singu</strong></span> 
     </span>
    </p>
   </div>
   <div class='ocr_carea' id='block_1_7' title="bbox 201 680 1518 798">
    <p class='ocr_par' dir='ltr' id='par_1_7' title="bbox 201 680 1518 798">
     <span class='ocr_line' id='line_1_13' title="bbox 201 680 1518 732; baseline -0.004 -10"><span class='ocrx_word' id='word_1_76' title='bbox 201 685 343 723; x_wconf 82' lang='lat' dir='ltr'><strong>larem:</strong></span> <span class='ocrx_word' id='word_1_77' title='bbox 372 684 467 721; x_wconf 91' lang='lat' dir='ltr'><strong>nihil</strong></span> <span class='ocrx_word' id='word_1_78' title='bbox 487 692 544 722; x_wconf 89' lang='lat' dir='ltr'><strong>est</strong></span> <span class='ocrx_word' id='word_1_79' title='bbox 564 684 680 731; x_wconf 87' lang='lat' dir='ltr'><strong>enirn,</strong></span> <span class='ocrx_word' id='word_1_80' title='bbox 702 683 808 732; x_wconf 89' lang='lat' dir='ltr'><strong>quod</strong></span> <span class='ocrx_word' id='word_1_81' title='bbox 836 683 963 721; x_wconf 91' lang='lat' dir='ltr'><strong>minus</strong></span> <span class='ocrx_word' id='word_1_82' title='bbox 992 683 1194 721; x_wconf 88' lang='lat' dir='ltr'><strong>ferendum</strong></span> <span class='ocrx_word' id='word_1_83' title='bbox 1214 681 1273 728; x_wconf 92' lang='lat' dir='ltr'><strong>sit,</strong></span> <span class='ocrx_word' id='word_1_84' title='bbox 1295 694 1412 730; x_wconf 87' lang='lat' dir='ltr'><strong>quam</strong></span> <span class='ocrx_word' id='word_1_85' title='bbox 1431 680 1518 718; x_wconf 83' lang='lat' dir='ltr'><strong>rati-</strong></span> 
     </span>
     <span class='ocr_line' id='line_1_14' title="bbox 201 745 1516 798; baseline -0.004 -11"><span class='ocrx_word' id='word_1_86' title='bbox 201 762 318 787; x_wconf 91' lang='lat' dir='ltr'><strong>onem</strong></span> <span class='ocrx_word' id='word_1_87' title='bbox 347 751 397 788; x_wconf 92' lang='lat' dir='ltr'><strong>ab</strong></span> <span class='ocrx_word' id='word_1_88' title='bbox 426 750 548 787; x_wconf 90' lang='lat' dir='ltr'><strong>altero</strong></span> <span class='ocrx_word' id='word_1_89' title='bbox 577 749 679 787; x_wconf 84' lang='lat' dir='ltr'><strong>vitae</strong></span> <span class='ocrx_word' id='word_1_90' title='bbox 706 761 908 798; x_wconf 89' lang='lat' dir='ltr'><strong>reposcere</strong></span> <span class='ocrx_word' id='word_1_91' title='bbox 937 761 1039 794; x_wconf 91' lang='lat' dir='ltr'><strong>eum,</strong></span> <span class='ocrx_word' id='word_1_92' title='bbox 1069 747 1136 796; x_wconf 87' lang='lat' dir='ltr'><strong>qui</strong></span> <span class='ocrx_word' id='word_1_93' title='bbox 1163 759 1244 785; x_wconf 92' lang='lat' dir='ltr'><strong>non</strong></span> <span class='ocrx_word' id='word_1_94' title='bbox 1272 745 1394 795; x_wconf 85' lang='lat' dir='ltr'><strong>possit</strong></span> <span class='ocrx_word' id='word_1_95' title='bbox 1423 757 1516 783; x_wconf 92' lang='lat' dir='ltr'><strong>suae</strong></span> 
     </span>
    </p>
   </div>
   <div class='ocr_carea' id='block_1_8' title="bbox 200 815 371 852">
    <p class='ocr_par' dir='ltr' id='par_1_8' title="bbox 200 815 371 852">
     <span class='ocr_line' id='line_1_15' title="bbox 200 815 371 852; baseline -0.006 0"><span class='ocrx_word' id='word_1_96' title='bbox 200 815 371 852; x_wconf 88' lang='lat' dir='ltr'><strong>reddere.</strong></span> 
     </span>
    </p>
   </div>
   <div class='ocr_carea' id='block_1_9' title="bbox 429 811 1582 863">
    <p class='ocr_par' dir='ltr' id='par_1_9' title="bbox 429 811 1582 863">
     <span class='ocr_line' id='line_1_16' title="bbox 429 811 1582 863; baseline 0.001 -12"><span class='ocrx_word' id='word_1_97' title='bbox 429 814 493 851; x_wconf 91' lang='lat' dir='ltr'><strong>hic</strong></span> <span class='ocrx_word' id='word_1_98' title='bbox 512 827 584 863; x_wconf 85' lang='lat' dir='ltr'><strong>ego</strong></span> <span class='ocrx_word' id='word_1_99' title='bbox 604 815 654 852; x_wconf 88' lang='lat' dir='ltr'><strong>de</strong></span> <span class='ocrx_word' id='word_1_100' title='bbox 674 821 711 851; x_wconf 90' lang='lat' dir='ltr'><strong>te</strong></span> <span class='ocrx_word' id='word_1_101' title='bbox 730 814 840 863; x_wconf 88' lang='lat' dir='ltr'><strong>plura</strong></span> <span class='ocrx_word' id='word_1_102' title='bbox 858 826 938 852; x_wconf 91' lang='lat' dir='ltr'><strong>non</strong></span> <span class='ocrx_word' id='word_1_103' title='bbox 958 813 1085 851; x_wconf 84' lang='lat' dir='ltr'><strong>dicam</strong></span> <span class='ocrx_word' id='word_1_104' title='bbox 1102 827 1109 851; x_wconf 91' lang='lat'><strong>:</strong></span> <span class='ocrx_word' id='word_1_105' title='bbox 1139 825 1260 850; x_wconf 88' lang='lat' dir='ltr'><strong>unum</strong></span> <span class='ocrx_word' id='word_1_106' title='bbox 1280 811 1375 848; x_wconf 92' lang='lat' dir='ltr'><strong>illud</strong></span> <span class='ocrx_word' id='word_1_107' title='bbox 1396 811 1514 849; x_wconf 89' lang='lat' dir='ltr'><strong>credo</strong></span> <span class='ocrx_word' id='word_1_108' title='bbox 1535 814 1582 852; x_wconf 89' lang='lat'><strong>28</strong></span> 
     </span>
    </p>
   </div>
   <div class='ocr_carea' id='block_1_10' title="bbox 201 873 1517 1053">
    <p class='ocr_par' dir='ltr' id='par_1_10' title="bbox 201 873 1517 1053">
     <span class='ocr_line' id='line_1_17' title="bbox 201 873 1517 925; baseline -0.005 -9"><span class='ocrx_word' id='word_1_109' title='bbox 201 890 336 916; x_wconf 90' lang='lat' dir='ltr'><strong>omnes</strong></span> <span class='ocrx_word' id='word_1_110' title='bbox 354 877 668 925; x_wconf 84' lang='lat' dir='ltr'><strong>animadvertere,</strong></span> <span class='ocrx_word' id='word_1_111' title='bbox 697 884 736 915; x_wconf 90' lang='lat' dir='ltr'><strong>te</strong></span> <span class='ocrx_word' id='word_1_112' title='bbox 763 877 891 915; x_wconf 88' lang='lat' dir='ltr'><strong>adhuc</strong></span> <span class='ocrx_word' id='word_1_113' title='bbox 909 890 933 914; x_wconf 89' lang='lat' dir='ltr'><strong>a</strong></span> <span class='ocrx_word' id='word_1_114' title='bbox 951 876 1064 914; x_wconf 89' lang='lat' dir='ltr'><strong>nullis</strong></span> <span class='ocrx_word' id='word_1_115' title='bbox 1084 875 1158 914; x_wconf 90' lang='lat' dir='ltr'><strong>nisi</strong></span> <span class='ocrx_word' id='word_1_116' title='bbox 1176 877 1226 913; x_wconf 83' lang='lat' dir='ltr'><strong>ab</strong></span> <span class='ocrx_word' id='word_1_117' title='bbox 1245 873 1381 913; x_wconf 87' lang='lat' dir='ltr'><strong>Siculis</strong></span> <span class='ocrx_word' id='word_1_118' title='bbox 1406 880 1517 923; x_wconf 86' lang='lat' dir='ltr'><strong>potu-</strong></span> 
     </span>
     <span class='ocr_line' id='line_1_18' title="bbox 202 937 1515 990; baseline -0.002 -13"><span class='ocrx_word' id='word_1_119' title='bbox 202 939 274 979; x_wconf 87' lang='lat' dir='ltr'><strong>isse</strong></span> <span class='ocrx_word' id='word_1_120' title='bbox 293 941 494 990; x_wconf 83' lang='lat' dir='ltr'><strong>cognosci:</strong></span> <span class='ocrx_word' id='word_1_121' title='bbox 515 940 662 979; x_wconf 91' lang='lat' dir='ltr'><strong>Siculos</strong></span> <span class='ocrx_word' id='word_1_122' title='bbox 677 941 753 978; x_wconf 92' lang='lat' dir='ltr'><strong>hoc</strong></span> <span class='ocrx_word' id='word_1_123' title='bbox 768 940 906 987; x_wconf 89' lang='lat' dir='ltr'><strong>dicere,</strong></span> <span class='ocrx_word' id='word_1_124' title='bbox 923 952 1012 977; x_wconf 92' lang='lat' dir='ltr'><strong>cum</strong></span> <span class='ocrx_word' id='word_1_125' title='bbox 1033 940 1159 978; x_wconf 90' lang='lat' dir='ltr'><strong>eidem</strong></span> <span class='ocrx_word' id='word_1_126' title='bbox 1179 939 1256 977; x_wconf 89' lang='lat' dir='ltr'><strong>sint</strong></span> <span class='ocrx_word' id='word_1_127' title='bbox 1275 937 1371 986; x_wconf 83' lang='lat' dir='ltr'><strong>irati,</strong></span> <span class='ocrx_word' id='word_1_128' title='bbox 1392 937 1454 975; x_wconf 91' lang='lat' dir='ltr'><strong>cui</strong></span> <span class='ocrx_word' id='word_1_129' title='bbox 1472 944 1515 976; x_wconf 86' lang='lat' dir='ltr'><strong>tu</strong></span> 
     </span>
     <span class='ocr_line' id='line_1_19' title="bbox 201 1003 1514 1053; baseline -0.002 -11"><span class='ocrx_word' id='word_1_130' title='bbox 201 1012 238 1043; x_wconf 90' lang='lat' dir='ltr'><strong>te</strong></span> <span class='ocrx_word' id='word_1_131' title='bbox 257 1004 458 1042; x_wconf 89' lang='lat' dir='ltr'><strong>inimicum</strong></span> <span class='ocrx_word' id='word_1_132' title='bbox 477 1018 560 1044; x_wconf 87' lang='lat' dir='ltr'><strong>esse</strong></span> <span class='ocrx_word' id='word_1_133' title='bbox 580 1004 688 1053; x_wconf 88' lang='lat' dir='ltr'><strong>dicis,</strong></span> <span class='ocrx_word' id='word_1_134' title='bbox 704 1016 788 1044; x_wconf 87' lang='lat' dir='ltr'><strong>sese</strong></span> <span class='ocrx_word' id='word_1_135' title='bbox 807 1012 937 1044; x_wconf 85' lang='lat' dir='ltr'><strong>tamen</strong></span> <span class='ocrx_word' id='word_1_136' title='bbox 958 1012 996 1044; x_wconf 90' lang='lat' dir='ltr'><strong>te</strong></span> <span class='ocrx_word' id='word_1_137' title='bbox 1015 1012 1144 1044; x_wconf 86' lang='lat' dir='ltr'><strong>actore</strong></span> <span class='ocrx_word' id='word_1_138' title='bbox 1158 1005 1210 1043; x_wconf 86' lang='lat' dir='ltr'><strong>ad</strong></span> <span class='ocrx_word' id='word_1_139' title='bbox 1229 1003 1414 1042; x_wconf 88' lang='lat' dir='ltr'><strong>iudicium</strong></span> <span class='ocrx_word' id='word_1_140' title='bbox 1433 1014 1514 1040; x_wconf 90' lang='lat' dir='ltr'><strong>non</strong></span> 
     </span>
    </p>
   </div>
   <div class='ocr_carea' id='block_1_11' title="bbox 190 1141 827 2296">
    <p class='ocr_par' dir='ltr' id='par_1_11' title="bbox 198 1141 827 1266">
     <span class='ocr_line' id='line_1_20' title="bbox 200 1141 827 1182; baseline 0.002 -12"><span class='ocrx_word' id='word_1_141' title='bbox 200 1150 277 1182; x_wconf 88' lang='lat' dir='ltr'><strong>pare</strong></span> <span class='ocrx_word' id='word_1_142' title='bbox 293 1151 352 1181; x_wconf 85' lang='lat' dir='ltr'><strong>pro</strong></span> <span class='ocrx_word' id='word_1_143' title='bbox 369 1141 472 1177; x_wconf 66' lang='lat' dir='ltr'><strong>Murg</strong></span> <span class='ocrx_word' id='word_1_144' title='bbox 491 1150 503 1171; x_wconf 88' lang='lat'>1</span> <span class='ocrx_word' id='word_1_145' title='bbox 514 1151 524 1171; x_wconf 96' lang='lat'>1</span> <span class='ocrx_word' id='word_1_146' title='bbox 544 1141 580 1170; x_wconf 85' lang='lat' dir='ltr'><strong>in</strong></span> <span class='ocrx_word' id='word_1_147' title='bbox 594 1141 827 1181; x_wconf 67' lang='lat' dir='ltr'><strong>reprehensione</strong></span> 
     </span>
     <span class='ocr_line' id='line_1_21' title="bbox 198 1183 822 1223; baseline 0 -9"><span class='ocrx_word' id='word_1_148' title='bbox 198 1184 290 1221; x_wconf 78' lang='lat' dir='ltr'><strong>vitae,</strong></span> <span class='ocrx_word' id='word_1_149' title='bbox 319 1183 502 1223; x_wconf 85' lang='lat' dir='ltr'><strong>Quintilian</strong></span> <span class='ocrx_word' id='word_1_150' title='bbox 528 1191 582 1214; x_wconf 77' lang='lat' dir='ltr'><strong>VII</strong></span> <span class='ocrx_word' id='word_1_151' title='bbox 610 1193 620 1214; x_wconf 90' lang='lat'>1</span> <span class='ocrx_word' id='word_1_152' title='bbox 647 1186 664 1222; x_wconf 63' lang='grc' dir='ltr'>ἓ</span> <span class='ocrx_word' id='word_1_153' title='bbox 687 1193 734 1221; x_wconf 80' lang='lat'><strong>12,</strong></span> <span class='ocrx_word' id='word_1_154' title='bbox 754 1193 771 1214; x_wconf 79' lang='lat'><strong>2</strong></span> <span class='ocrx_word' id='word_1_155' title='bbox 789 1186 822 1222; x_wconf 67' lang='grc' dir='ltr'><strong>ἓξ</strong></span> 
     </span>
     <span class='ocr_line' id='line_1_22' title="bbox 201 1236 323 1266; baseline -0.008 0"><span class='ocrx_word' id='word_1_156' title='bbox 201 1236 252 1266; x_wconf 65' lang='grc'><strong>33,</strong></span> <span class='ocrx_word' id='word_1_157' title='bbox 273 1236 323 1265; x_wconf 80' lang='lat'><strong>34·</strong></span> 
     </span>
    </p>

    <p class='ocr_par' dir='ltr' id='par_1_12' title="bbox 198 1268 823 1395">
     <span class='ocr_line' id='line_1_23' title="bbox 241 1268 823 1307; baseline 0.002 -8"><span class='ocrx_word' id='word_1_158' title='bbox 241 1271 278 1299; x_wconf 79' lang='lat' dir='ltr'><strong>in</strong></span> <span class='ocrx_word' id='word_1_159' title='bbox 316 1268 425 1307; x_wconf 75' lang='lat' dir='ltr'><strong>oculis]</strong></span> <span class='ocrx_word' id='word_1_160' title='bbox 470 1269 533 1300; x_wconf 88' lang='lat' dir='ltr'><strong>this</strong></span> <span class='ocrx_word' id='word_1_161' title='bbox 568 1268 665 1300; x_wconf 88' lang='lat' dir='ltr'><strong>refers</strong></span> <span class='ocrx_word' id='word_1_162' title='bbox 700 1273 734 1300; x_wconf 91' lang='lat' dir='ltr'><strong>to</strong></span> <span class='ocrx_word' id='word_1_163' title='bbox 768 1269 823 1300; x_wconf 86' lang='lat' dir='ltr'><strong>the</strong></span> 
     </span>
     <span class='ocr_line' id='line_1_24' title="bbox 198 1311 822 1353; baseline 0 -11"><span class='ocrx_word' id='word_1_164' title='bbox 198 1311 286 1342; x_wconf 86' lang='lat' dir='ltr'><strong>vivid</strong></span> <span class='ocrx_word' id='word_1_165' title='bbox 312 1311 509 1342; x_wconf 86' lang='lat' dir='ltr'><strong>delineation</strong></span> <span class='ocrx_word' id='word_1_166' title='bbox 535 1312 684 1353; x_wconf 86' lang='lat' dir='ltr'><strong>required</strong></span> <span class='ocrx_word' id='word_1_167' title='bbox 707 1318 741 1342; x_wconf 88' lang='lat' dir='ltr'><strong>to</strong></span> <span class='ocrx_word' id='word_1_168' title='bbox 763 1312 822 1342; x_wconf 86' lang='lat' dir='ltr'><strong>im-</strong></span> 
     </span>
     <span class='ocr_line' id='line_1_25' title="bbox 198 1354 822 1395; baseline 0 -10"><span class='ocrx_word' id='word_1_169' title='bbox 198 1364 288 1395; x_wconf 80' lang='lat' dir='ltr'><strong>press</strong></span> <span class='ocrx_word' id='word_1_170' title='bbox 302 1365 322 1385; x_wconf 86' lang='lat' dir='ltr'><strong>a</strong></span> <span class='ocrx_word' id='word_1_171' title='bbox 334 1354 417 1395; x_wconf 89' lang='lat' dir='ltr'><strong>jury.</strong></span> <span class='ocrx_word' id='word_1_172' title='bbox 453 1354 528 1392; x_wconf 75' lang='lat' dir='ltr'><strong>So§</strong></span> <span class='ocrx_word' id='word_1_173' title='bbox 546 1364 592 1393; x_wconf 86' lang='lat'><strong>15,</strong></span> <span class='ocrx_word' id='word_1_174' title='bbox 612 1363 624 1385; x_wconf 87' lang='grc' dir='ltr'>Ι</span> <span class='ocrx_word' id='word_1_175' title='bbox 640 1355 673 1385; x_wconf 92' lang='lat' dir='ltr'><strong>in</strong></span> <span class='ocrx_word' id='word_1_176' title='bbox 686 1355 822 1386; x_wconf 87' lang='lat' dir='ltr'><strong>Verrem</strong></span> 
     </span>
    </p>

    <p class='ocr_par' dir='ltr' id='par_1_13' title="bbox 230 1439 815 1480">
     <span class='ocr_line' id='line_1_26' title="bbox 230 1439 815 1480; baseline 0.002 -10"><span class='ocrx_word' id='word_1_177' title='bbox 230 1439 410 1480; x_wconf 68' lang='lat' dir='ltr'><strong>defindere]</strong></span> <span class='ocrx_word' id='word_1_178' title='bbox 429 1442 478 1471; x_wconf 89' lang='lat' dir='ltr'><strong>‘to</strong></span> <span class='ocrx_word' id='word_1_179' title='bbox 488 1439 660 1470; x_wconf 85' lang='lat' dir='ltr'><strong>maintain&#39;</strong></span> <span class='ocrx_word' id='word_1_180' title='bbox 672 1451 707 1471; x_wconf 89' lang='lat' dir='ltr'><strong>as</strong></span> <span class='ocrx_word' id='word_1_181' title='bbox 718 1439 815 1471; x_wconf 89' lang='lat' dir='ltr'><strong>osten.</strong></span> 
     </span>
    </p>

    <p class='ocr_par' dir='ltr' id='par_1_14' title="bbox 190 1483 821 2165">
     <span class='ocr_line' id='line_1_27' title="bbox 240 1483 821 1522; baseline 0 -9"><span class='ocrx_word' id='word_1_182' title='bbox 240 1483 280 1513; x_wconf 88' lang='lat' dir='ltr'><strong>ix.</strong></span> <span class='ocrx_word' id='word_1_183' title='bbox 305 1483 438 1522; x_wconf 81' lang='lat' dir='ltr'><strong>accuset]</strong></span> <span class='ocrx_word' id='word_1_184' title='bbox 460 1488 536 1514; x_wconf 90' lang='lat' dir='ltr'><strong>note</strong></span> <span class='ocrx_word' id='word_1_185' title='bbox 559 1483 629 1514; x_wconf 88' lang='lat' dir='ltr'><strong>that</strong></span> <span class='ocrx_word' id='word_1_186' title='bbox 651 1483 715 1513; x_wconf 87' lang='lat' dir='ltr'><strong>this</strong></span> <span class='ocrx_word' id='word_1_187' title='bbox 730 1483 821 1513; x_wconf 84' lang='lat' dir='ltr'><strong>word</strong></span> 
     </span>
     <span class='ocr_line' id='line_1_28' title="bbox 197 1526 821 1566; baseline 0 -10"><span class='ocrx_word' id='word_1_188' title='bbox 197 1526 306 1557; x_wconf 85' lang='lat' dir='ltr'><strong>marks</strong></span> <span class='ocrx_word' id='word_1_189' title='bbox 336 1526 391 1556; x_wconf 88' lang='lat' dir='ltr'><strong>the</strong></span> <span class='ocrx_word' id='word_1_190' title='bbox 413 1526 530 1566; x_wconf 88' lang='lat' dir='ltr'><strong>charge</strong></span> <span class='ocrx_word' id='word_1_191' title='bbox 560 1536 595 1556; x_wconf 85' lang='lat' dir='ltr'><strong>as</strong></span> <span class='ocrx_word' id='word_1_192' title='bbox 625 1536 645 1556; x_wconf 90' lang='lat' dir='ltr'><strong>a</strong></span> <span class='ocrx_word' id='word_1_193' title='bbox 673 1526 821 1556; x_wconf 84' lang='lat' dir='ltr'><strong>eriminal</strong></span> 
     </span>
     <span class='ocr_line' id='line_1_29' title="bbox 198 1569 821 1600; baseline 0 -1"><span class='ocrx_word' id='word_1_194' title='bbox 198 1579 271 1599; x_wconf 89' lang='lat' dir='ltr'><strong>one.</strong></span> <span class='ocrx_word' id='word_1_195' title='bbox 316 1569 388 1599; x_wconf 90' lang='lat' dir='ltr'><strong>The</strong></span> <span class='ocrx_word' id='word_1_196' title='bbox 409 1579 539 1600; x_wconf 81' lang='lat' dir='ltr'><strong>accuser</strong></span> <span class='ocrx_word' id='word_1_197' title='bbox 568 1569 600 1599; x_wconf 92' lang='lat' dir='ltr'><strong>in</strong></span> <span class='ocrx_word' id='word_1_198' title='bbox 619 1579 638 1599; x_wconf 87' lang='lat' dir='ltr'><strong>a</strong></span> <span class='ocrx_word' id='word_1_199' title='bbox 663 1569 738 1599; x_wconf 92' lang='lat' dir='ltr'><strong>civil</strong></span> <span class='ocrx_word' id='word_1_200' title='bbox 758 1569 821 1600; x_wconf 90' lang='lat' dir='ltr'><strong>suit</strong></span> 
     </span>
     <span class='ocr_line' id='line_1_30' title="bbox 197 1612 820 1652; baseline 0.002 -11"><span class='ocrx_word' id='word_1_201' title='bbox 197 1622 264 1642; x_wconf 86' lang='lat' dir='ltr'><strong>was</strong></span> <span class='ocrx_word' id='word_1_202' title='bbox 288 1612 391 1642; x_wconf 88' lang='lat' dir='ltr'><strong>called</strong></span> <span class='ocrx_word' id='word_1_203' title='bbox 409 1613 532 1652; x_wconf 75' lang='lat' dir='ltr'><strong>petitor.</strong></span> <span class='ocrx_word' id='word_1_204' title='bbox 583 1612 745 1652; x_wconf 84' lang='lat' dir='ltr'><strong>Compare</strong></span> <span class='ocrx_word' id='word_1_205' title='bbox 761 1622 820 1652; x_wconf 91' lang='lat' dir='ltr'><strong>pro</strong></span> 
     </span>
     <span class='ocr_line' id='line_1_31' title="bbox 199 1654 821 1695; baseline 0 -11"><span class='ocrx_word' id='word_1_206' title='bbox 199 1654 353 1694; x_wconf 90' lang='lat' dir='ltr'><strong>Quinctio</strong></span> <span class='ocrx_word' id='word_1_207' title='bbox 376 1656 393 1693; x_wconf 66' lang='grc' dir='ltr'>ἓ</span> <span class='ocrx_word' id='word_1_208' title='bbox 423 1663 460 1694; x_wconf 84' lang='lat'><strong>45</strong></span> <span class='ocrx_word' id='word_1_209' title='bbox 486 1660 656 1695; x_wconf 75' lang='lat' dir='ltr'><strong>possumus</strong></span> <span class='ocrx_word' id='word_1_210' title='bbox 678 1655 821 1694; x_wconf 78' lang='lat' dir='ltr'><strong>petitoris</strong></span> 
     </span>
     <span class='ocr_line' id='line_1_32' title="bbox 196 1698 817 1738; baseline 0.002 -11"><span class='ocrx_word' id='word_1_211' title='bbox 196 1702 363 1737; x_wconf 73' lang='lat' dir='ltr'><strong>personam</strong></span> <span class='ocrx_word' id='word_1_212' title='bbox 400 1703 513 1738; x_wconf 74' lang='lat' dir='ltr'><strong>capere,</strong></span> <span class='ocrx_word' id='word_1_213' title='bbox 550 1698 740 1728; x_wconf 82' lang='lat' dir='ltr'><strong>accusatoris</strong></span> <span class='ocrx_word' id='word_1_214' title='bbox 770 1698 817 1728; x_wconf 72' lang='lat' dir='ltr'><strong>de-</strong></span> 
     </span>
     <span class='ocr_line' id='line_1_33' title="bbox 190 1739 817 1780; baseline 0.003 -11"><span class='ocrx_word' id='word_1_215' title='bbox 190 1740 332 1780; x_wconf 74' lang='lat' dir='ltr'><strong>ponere?</strong></span> <span class='ocrx_word' id='word_1_216' title='bbox 369 1740 550 1779; x_wconf 83' lang='lat' dir='ltr'><strong>Quintilian</strong></span> <span class='ocrx_word' id='word_1_217' title='bbox 572 1749 609 1771; x_wconf 81' lang='lat' dir='ltr'><strong>VI</strong></span> <span class='ocrx_word' id='word_1_218' title='bbox 637 1751 649 1771; x_wconf 89' lang='lat'>1</span> <span class='ocrx_word' id='word_1_219' title='bbox 675 1741 690 1777; x_wconf 70' lang='grc' dir='ltr'>ἓ</span> <span class='ocrx_word' id='word_1_220' title='bbox 715 1739 754 1780; x_wconf 79' lang='lat'><strong>36</strong></span> <span class='ocrx_word' id='word_1_221' title='bbox 770 1751 817 1771; x_wconf 85' lang='lat' dir='ltr'><strong>re-</strong></span> 
     </span>
     <span class='ocr_line' id='line_1_34' title="bbox 198 1782 817 1814; baseline 0.002 -2"><span class='ocrx_word' id='word_1_222' title='bbox 198 1782 306 1813; x_wconf 87' lang='lat' dir='ltr'><strong>marks</strong></span> <span class='ocrx_word' id='word_1_223' title='bbox 328 1783 365 1813; x_wconf 74' lang='lat' dir='ltr'><strong>de</strong></span> <span class='ocrx_word' id='word_1_224' title='bbox 383 1783 613 1814; x_wconf 78' lang='lat' dir='ltr'><strong>accusatoribus</strong></span> <span class='ocrx_word' id='word_1_225' title='bbox 630 1788 658 1813; x_wconf 80' lang='lat' dir='ltr'><strong>et</strong></span> <span class='ocrx_word' id='word_1_226' title='bbox 671 1784 731 1814; x_wconf 76' lang='lat' dir='ltr'><strong>reis</strong></span> <span class='ocrx_word' id='word_1_227' title='bbox 745 1794 817 1813; x_wconf 82' lang='lat' dir='ltr'><strong>sum</strong></span> 
     </span>
     <span class='ocr_line' id='line_1_35' title="bbox 196 1826 820 1866; baseline 0.003 -11"><span class='ocrx_word' id='word_1_228' title='bbox 196 1826 327 1862; x_wconf 79' lang='lat' dir='ltr'><strong>locutus,</strong></span> <span class='ocrx_word' id='word_1_229' title='bbox 350 1827 425 1866; x_wconf 82' lang='lat' dir='ltr'><strong>quia</strong></span> <span class='ocrx_word' id='word_1_230' title='bbox 450 1827 485 1856; x_wconf 79' lang='lat' dir='ltr'><strong>in</strong></span> <span class='ocrx_word' id='word_1_231' title='bbox 505 1827 657 1866; x_wconf 58' lang='lat' dir='ltr'><strong>pericula?</strong></span> <span class='ocrx_word' id='word_1_232' title='bbox 679 1827 820 1857; x_wconf 78' lang='lat' dir='ltr'><strong>maxime</strong></span> 
     </span>
     <span class='ocr_line' id='line_1_36' title="bbox 197 1869 816 1910; baseline 0.002 -12"><span class='ocrx_word' id='word_1_233' title='bbox 197 1873 344 1898; x_wconf 59' lang='grc' dir='ltr'><strong>ψει-Μίαν</strong></span> <span class='ocrx_word' id='word_1_234' title='bbox 353 1869 487 1908; x_wconf 76' lang='lat' dir='ltr'><em>affi‘ctets.</em></span> <span class='ocrx_word' id='word_1_235' title='bbox 522 1869 576 1899; x_wconf 80' lang='lat' dir='ltr'><strong>sed</strong></span> <span class='ocrx_word' id='word_1_236' title='bbox 581 1870 730 1910; x_wconf 77' lang='lat' dir='ltr'><strong>privatae</strong></span> <span class='ocrx_word' id='word_1_237' title='bbox 743 1880 816 1910; x_wconf 82' lang='lat' dir='ltr'><strong>quo-</strong></span> 
     </span>
     <span class='ocr_line' id='line_1_37' title="bbox 195 1913 816 1952; baseline 0.003 -12"><span class='ocrx_word' id='word_1_238' title='bbox 195 1921 256 1951; x_wconf 77' lang='lat' dir='ltr'><strong>qne</strong></span> <span class='ocrx_word' id='word_1_239' title='bbox 264 1921 376 1941; x_wconf 71' lang='lat' dir='ltr'><strong>causae</strong></span> <span class='ocrx_word' id='word_1_240' title='bbox 389 1917 561 1952; x_wconf 77' lang='lat' dir='ltr'><strong>utrumque</strong></span> <span class='ocrx_word' id='word_1_241' title='bbox 571 1913 816 1951; x_wconf 75' lang='lat' dir='ltr'><strong>lcabentperora-</strong></span> 
     </span>
     <span class='ocr_line' id='line_1_38' title="bbox 195 1954 819 1996; baseline 0.003 -13"><span class='ocrx_word' id='word_1_242' title='bbox 195 1954 290 1984; x_wconf 78' lang='lat' dir='ltr'><strong>tionis</strong></span> <span class='ocrx_word' id='word_1_243' title='bbox 299 1964 409 1994; x_wconf 72' lang='lat' dir='ltr'><strong>genus.</strong></span> <span class='ocrx_word' id='word_1_244' title='bbox 459 1956 467 1969; x_wconf 87' lang='lat'>‘</span> <span class='ocrx_word' id='word_1_245' title='bbox 479 1955 541 1985; x_wconf 90' lang='lat' dir='ltr'><strong>Let</strong></span> <span class='ocrx_word' id='word_1_246' title='bbox 555 1965 607 1985; x_wconf 88' lang='lat' dir='ltr'><strong>me</strong></span> <span class='ocrx_word' id='word_1_247' title='bbox 622 1955 678 1985; x_wconf 87' lang='lat' dir='ltr'><strong>tell</strong></span> <span class='ocrx_word' id='word_1_248' title='bbox 690 1965 754 1996; x_wconf 91' lang='lat' dir='ltr'><strong>you</strong></span> <span class='ocrx_word' id='word_1_249' title='bbox 764 1955 819 1985; x_wconf 90' lang='lat' dir='ltr'><strong>the</strong></span> 
     </span>
     <span class='ocr_line' id='line_1_39' title="bbox 196 1997 817 2037; baseline 0.003 -11"><span class='ocrx_word' id='word_1_250' title='bbox 196 2006 293 2037; x_wconf 87' lang='lat' dir='ltr'><strong>many</strong></span> <span class='ocrx_word' id='word_1_251' title='bbox 309 1997 458 2037; x_wconf 88' lang='lat' dir='ltr'><strong>qualities</strong></span> <span class='ocrx_word' id='word_1_252' title='bbox 481 1997 550 2028; x_wconf 81' lang='lat' dir='ltr'><strong>that</strong></span> <span class='ocrx_word' id='word_1_253' title='bbox 566 2008 585 2027; x_wconf 91' lang='lat' dir='ltr'><strong>a</strong></span> <span class='ocrx_word' id='word_1_254' title='bbox 600 2008 677 2028; x_wconf 88' lang='lat' dir='ltr'><strong>man</strong></span> <span class='ocrx_word' id='word_1_255' title='bbox 699 1998 817 2028; x_wconf 88' lang='lat' dir='ltr'><strong>should</strong></span> 
     </span>
     <span class='ocr_line' id='line_1_40' title="bbox 195 2040 816 2081; baseline 0.003 -12"><span class='ocrx_word' id='word_1_256' title='bbox 195 2049 322 2080; x_wconf 83' lang='lat' dir='ltr'><strong>possess</strong></span> <span class='ocrx_word' id='word_1_257' title='bbox 350 2040 457 2071; x_wconf 81' lang='lat' dir='ltr'><strong>before</strong></span> <span class='ocrx_word' id='word_1_258' title='bbox 481 2040 522 2071; x_wconf 90' lang='lat' dir='ltr'><strong>he</strong></span> <span class='ocrx_word' id='word_1_259' title='bbox 545 2051 606 2071; x_wconf 88' lang='lat' dir='ltr'><strong>can</strong></span> <span class='ocrx_word' id='word_1_260' title='bbox 628 2041 669 2071; x_wconf 89' lang='lat' dir='ltr'><strong>be</strong></span> <span class='ocrx_word' id='word_1_261' title='bbox 689 2051 816 2081; x_wconf 89' lang='lat' dir='ltr'><strong>compe-</strong></span> 
     </span>
     <span class='ocr_line' id='line_1_41' title="bbox 195 2083 818 2124; baseline 0.003 -12"><span class='ocrx_word' id='word_1_262' title='bbox 195 2087 263 2112; x_wconf 91' lang='lat' dir='ltr'><strong>tent</strong></span> <span class='ocrx_word' id='word_1_263' title='bbox 279 2088 312 2113; x_wconf 91' lang='lat' dir='ltr'><strong>to</strong></span> <span class='ocrx_word' id='word_1_264' title='bbox 329 2083 468 2114; x_wconf 88' lang='lat' dir='ltr'><strong>conduct</strong></span> <span class='ocrx_word' id='word_1_265' title='bbox 491 2094 510 2113; x_wconf 89' lang='lat' dir='ltr'><strong>a</strong></span> <span class='ocrx_word' id='word_1_266' title='bbox 531 2083 679 2114; x_wconf 84' lang='lat' dir='ltr'><strong>criminal</strong></span> <span class='ocrx_word' id='word_1_267' title='bbox 701 2083 818 2124; x_wconf 84' lang='lat' dir='ltr'><strong>charge</strong></span> 
     </span>
     <span class='ocr_line' id='line_1_42' title="bbox 194 2125 496 2165; baseline 0 -9"><span class='ocrx_word' id='word_1_268' title='bbox 194 2126 319 2165; x_wconf 88' lang='lat' dir='ltr'><strong>against</strong></span> <span class='ocrx_word' id='word_1_269' title='bbox 335 2125 496 2157; x_wconf 88' lang='lat' dir='ltr'><strong>another&#39;.</strong></span> 
     </span>
    </p>

    <p class='ocr_par' dir='ltr' id='par_1_15' title="bbox 192 2168 816 2296">
     <span class='ocr_line' id='line_1_43' title="bbox 236 2168 810 2210; baseline 0.003 -11"><span class='ocrx_word' id='word_1_270' title='bbox 236 2180 341 2200; x_wconf 82' lang='lat' dir='ltr'><strong>unum</strong></span> <span class='ocrx_word' id='word_1_271' title='bbox 367 2169 509 2209; x_wconf 79' lang='lat' dir='ltr'><strong>aliquoa]</strong></span> <span class='ocrx_word' id='word_1_272' title='bbox 535 2170 572 2199; x_wconf 88' lang='lat' dir='ltr'><strong>‘a</strong></span> <span class='ocrx_word' id='word_1_273' title='bbox 595 2168 699 2210; x_wconf 84' lang='lat' dir='ltr'><strong>single</strong></span> <span class='ocrx_word' id='word_1_274' title='bbox 725 2169 810 2201; x_wconf 84' lang='lat' dir='ltr'><strong>one’.</strong></span> 
     </span>
     <span class='ocr_line' id='line_1_44' title="bbox 194 2211 816 2253; baseline 0 -11"><span class='ocrx_word' id='word_1_275' title='bbox 194 2212 358 2253; x_wconf 85' lang='lat' dir='ltr'><strong>Compare</strong></span> <span class='ocrx_word' id='word_1_276' title='bbox 369 2220 396 2242; x_wconf 90' lang='lat'><strong>11</strong></span> <span class='ocrx_word' id='word_1_277' title='bbox 408 2213 441 2242; x_wconf 90' lang='lat' dir='ltr'><strong>in</strong></span> <span class='ocrx_word' id='word_1_278' title='bbox 452 2212 585 2243; x_wconf 88' lang='lat' dir='ltr'><strong>Verrem</strong></span> <span class='ocrx_word' id='word_1_279' title='bbox 600 2214 638 2250; x_wconf 76' lang='lat'><strong>1§</strong></span> <span class='ocrx_word' id='word_1_280' title='bbox 655 2211 693 2242; x_wconf 85' lang='lat'><strong>62</strong></span> <span class='ocrx_word' id='word_1_281' title='bbox 711 2222 816 2242; x_wconf 75' lang='lat' dir='ltr'><strong>unum</strong></span> 
     </span>
     <span class='ocr_line' id='line_1_45' title="bbox 192 2255 815 2296; baseline 0.002 -11"><span class='ocrx_word' id='word_1_282' title='bbox 192 2255 325 2296; x_wconf 83' lang='lat' dir='ltr'><strong>aliquod</strong></span> <span class='ocrx_word' id='word_1_283' title='bbox 335 2256 373 2286; x_wconf 84' lang='lat' dir='ltr'><strong>de</strong></span> <span class='ocrx_word' id='word_1_284' title='bbox 390 2255 524 2296; x_wconf 59' lang='lat' dir='ltr'><strong>neyarz&#39;z&#39;s</strong></span> <span class='ocrx_word' id='word_1_285' title='bbox 545 2255 637 2285; x_wconf 78' lang='lat' dir='ltr'><strong>istius</strong></span> <span class='ocrx_word' id='word_1_286' title='bbox 648 2255 750 2295; x_wconf 80' lang='lat' dir='ltr'><strong>factis</strong></span> <span class='ocrx_word' id='word_1_287' title='bbox 763 2255 815 2286; x_wconf 81' lang='lat' dir='ltr'><strong>elz·-</strong></span> 
     </span>
    </p>
   </div>
   <div class='ocr_carea' id='block_1_12' title="bbox 189 2309 725 2380">
    <p class='ocr_par' dir='ltr' id='par_1_16' title="bbox 189 2309 725 2380">
     <span class='ocr_line' id='line_1_46' title="bbox 189 2309 276 2339; baseline 0.023 -11"><span class='ocrx_word' id='word_1_288' title='bbox 189 2309 276 2339; x_wconf 75' lang='lat' dir='ltr'><strong>gam.</strong></span> 
     </span>
     <span class='ocr_line' id='line_1_47' title="bbox 655 2341 725 2380; baseline 0.029 -10"><span class='ocrx_word' id='word_1_289' title='bbox 655 2341 725 2380; x_wconf 70' lang='lat' dir='ltr'><strong>ipse.</strong></span> 
     </span>
    </p>
   </div>
   <div class='ocr_carea' id='block_1_13' title="bbox 235 2339 821 2381">
    <p class='ocr_par' dir='ltr' id='par_1_17' title="bbox 235 2339 821 2381">
     <span class='ocr_line' id='line_1_48' title="bbox 235 2339 821 2381; baseline -0.003 -8"><span class='ocrx_word' id='word_1_290' title='bbox 235 2341 315 2381; x_wconf 81' lang='lat' dir='ltr'><strong>iam]</strong></span> <span class='ocrx_word' id='word_1_291' title='bbox 325 2340 419 2380; x_wconf 75' lang='lat'><strong>:7&#39;7‘671</strong></span> <span class='ocrx_word' id='word_1_292' title='bbox 455 2345 488 2373; x_wconf 88' lang='lat' dir='ltr'><strong>at</strong></span> <span class='ocrx_word' id='word_1_293' title='bbox 504 2339 610 2372; x_wconf 88' lang='lat' dir='ltr'><strong>once’.</strong></span> <span class='ocrx_word' id='word_1_294' title='bbox 765 2341 773 2356; x_wconf 91' lang='lat'>‘</span> <span class='ocrx_word' id='word_1_295' title='bbox 783 2339 821 2371; x_wconf 89' lang='lat' dir='ltr'><strong>of</strong></span> 
     </span>
    </p>
   </div>
   <div class='ocr_carea' id='block_1_14' title="bbox 876 1140 1518 2330">
    <p class='ocr_par' dir='ltr' id='par_1_18' title="bbox 888 1140 1516 1268">
     <span class='ocr_line' id='line_1_49' title="bbox 888 1140 1516 1182; baseline -0.002 -10"><span class='ocrx_word' id='word_1_296' title='bbox 888 1152 944 1182; x_wconf 88' lang='lat' dir='ltr'><strong>my</strong></span> <span class='ocrx_word' id='word_1_297' title='bbox 969 1152 1043 1172; x_wconf 86' lang='lat' dir='ltr'><strong>own</strong></span> <span class='ocrx_word' id='word_1_298' title='bbox 1070 1141 1211 1179; x_wconf 87' lang='lat' dir='ltr'><strong>accord&#39;,</strong></span> <span class='ocrx_word' id='word_1_299' title='bbox 1229 1141 1329 1182; x_wconf 81' lang='lat' dir='ltr'><strong>really</strong></span> <span class='ocrx_word' id='word_1_300' title='bbox 1349 1140 1404 1172; x_wconf 87' lang='lat' dir='ltr'><strong>the</strong></span> <span class='ocrx_word' id='word_1_301' title='bbox 1427 1151 1516 1171; x_wconf 89' lang='lat' dir='ltr'><strong>same</strong></span> 
     </span>
     <span class='ocr_line' id='line_1_50' title="bbox 888 1184 1516 1224; baseline 0 -10"><span class='ocrx_word' id='word_1_302' title='bbox 888 1195 923 1215; x_wconf 78' lang='lat' dir='ltr'><strong>as</strong></span> <span class='ocrx_word' id='word_1_303' title='bbox 940 1195 1006 1215; x_wconf 76' lang='lat' dir='ltr'><strong>mea</strong></span> <span class='ocrx_word' id='word_1_304' title='bbox 1022 1185 1192 1216; x_wconf 79' lang='lat' dir='ltr'><strong>voluntate.</strong></span> <span class='ocrx_word' id='word_1_305' title='bbox 1222 1185 1312 1215; x_wconf 82' lang='lat' dir='ltr'><strong>istuc.</strong></span> <span class='ocrx_word' id='word_1_306' title='bbox 1343 1184 1415 1214; x_wconf 87' lang='lat' dir='ltr'><strong>The</strong></span> <span class='ocrx_word' id='word_1_307' title='bbox 1430 1184 1516 1224; x_wconf 88' lang='lat' dir='ltr'><strong>right</strong></span> 
     </span>
     <span class='ocr_line' id='line_1_51' title="bbox 889 1227 1348 1268; baseline 0 -11"><span class='ocrx_word' id='word_1_308' title='bbox 889 1227 926 1258; x_wconf 91' lang='lat' dir='ltr'><strong>of</strong></span> <span class='ocrx_word' id='word_1_309' title='bbox 937 1228 1115 1268; x_wconf 85' lang='lat' dir='ltr'><strong>appearing</strong></span> <span class='ocrx_word' id='word_1_310' title='bbox 1130 1238 1164 1258; x_wconf 88' lang='lat' dir='ltr'><strong>as</strong></span> <span class='ocrx_word' id='word_1_311' title='bbox 1179 1231 1348 1257; x_wconf 78' lang='lat' dir='ltr'><strong>accusator.</strong></span> 
     </span>
    </p>

    <p class='ocr_par' dir='ltr' id='par_1_19' title="bbox 880 1269 1518 1522">
     <span class='ocr_line' id='line_1_52' title="bbox 932 1269 1514 1311; baseline 0 -11"><span class='ocrx_word' id='word_1_312' title='bbox 932 1270 1156 1311; x_wconf 54' lang='lat' dir='ltr'><strong>integritatem]</strong></span> <span class='ocrx_word' id='word_1_313' title='bbox 1182 1270 1240 1308; x_wconf 91' lang='lat' dir='ltr'><strong>for,</strong></span> <span class='ocrx_word' id='word_1_314' title='bbox 1269 1280 1303 1300; x_wconf 90' lang='lat' dir='ltr'><strong>as</strong></span> <span class='ocrx_word' id='word_1_315' title='bbox 1330 1269 1413 1300; x_wconf 78' lang='lat' dir='ltr'><strong>Cato</strong></span> <span class='ocrx_word' id='word_1_316' title='bbox 1439 1269 1514 1300; x_wconf 91' lang='lat' dir='ltr'><strong>well</strong></span> 
     </span>
     <span class='ocr_line' id='line_1_53' title="bbox 889 1312 1516 1350; baseline 0 -8"><span class='ocrx_word' id='word_1_317' title='bbox 889 1313 969 1350; x_wconf 89' lang='lat' dir='ltr'><strong>said,</strong></span> <span class='ocrx_word' id='word_1_318' title='bbox 989 1323 1031 1344; x_wconf 87' lang='lat' dir='ltr'><strong>an</strong></span> <span class='ocrx_word' id='word_1_319' title='bbox 1046 1318 1154 1344; x_wconf 88' lang='lat' dir='ltr'><strong>orator</strong></span> <span class='ocrx_word' id='word_1_320' title='bbox 1169 1313 1196 1344; x_wconf 94' lang='lat' dir='ltr'><strong>is</strong></span> <span class='ocrx_word' id='word_1_321' title='bbox 1211 1313 1264 1343; x_wconf 79' lang='lat' dir='ltr'><strong>vir</strong></span> <span class='ocrx_word' id='word_1_322' title='bbox 1279 1312 1377 1343; x_wconf 82' lang='lat' dir='ltr'><strong>bonus</strong></span> <span class='ocrx_word' id='word_1_323' title='bbox 1391 1313 1516 1343; x_wconf 73' lang='lat' dir='ltr'><strong>dicendi</strong></span> 
     </span>
     <span class='ocr_line' id='line_1_54' title="bbox 880 1354 1518 1396; baseline 0 -11"><span class='ocrx_word' id='word_1_324' title='bbox 880 1357 1014 1396; x_wconf 68' lang='lat' dir='ltr'><strong>peritus.</strong></span> <span class='ocrx_word' id='word_1_325' title='bbox 1064 1356 1126 1387; x_wconf 89' lang='lat' dir='ltr'><strong>See</strong></span> <span class='ocrx_word' id='word_1_326' title='bbox 1150 1356 1204 1386; x_wconf 88' lang='lat' dir='ltr'><strong>the</strong></span> <span class='ocrx_word' id='word_1_327' title='bbox 1230 1355 1297 1386; x_wconf 86' lang='lat' dir='ltr'><strong>first</strong></span> <span class='ocrx_word' id='word_1_328' title='bbox 1321 1355 1455 1395; x_wconf 87' lang='lat' dir='ltr'><strong>chapter</strong></span> <span class='ocrx_word' id='word_1_329' title='bbox 1480 1354 1518 1385; x_wconf 91' lang='lat' dir='ltr'><strong>of</strong></span> 
     </span>
     <span class='ocr_line' id='line_1_55' title="bbox 889 1398 1513 1438; baseline 0 -10"><span class='ocrx_word' id='word_1_330' title='bbox 889 1398 1069 1438; x_wconf 83' lang='lat' dir='ltr'><strong>Quintilian</strong></span> <span class='ocrx_word' id='word_1_331' title='bbox 1091 1399 1181 1429; x_wconf 93' lang='lat' dir='ltr'><strong>book</strong></span> <span class='ocrx_word' id='word_1_332' title='bbox 1204 1406 1269 1436; x_wconf 81' lang='lat' dir='ltr'><strong>XII,</strong></span> <span class='ocrx_word' id='word_1_333' title='bbox 1288 1398 1461 1438; x_wconf 85' lang='lat' dir='ltr'><strong>especially</strong></span> <span class='ocrx_word' id='word_1_334' title='bbox 1478 1399 1513 1436; x_wconf 59' lang='grc' dir='ltr'><strong>ἐξ</strong></span> 
     </span>
     <span class='ocr_line' id='line_1_56' title="bbox 891 1440 1512 1482; baseline 0.002 -11"><span class='ocrx_word' id='word_1_335' title='bbox 891 1451 918 1477; x_wconf 93' lang='lat'><strong>1,</strong></span> <span class='ocrx_word' id='word_1_336' title='bbox 936 1451 952 1471; x_wconf 81' lang='lat'><strong>2</strong></span> <span class='ocrx_word' id='word_1_337' title='bbox 958 1450 986 1480; x_wconf 85' lang='lat'><strong>3,</strong></span> <span class='ocrx_word' id='word_1_338' title='bbox 1006 1442 1070 1472; x_wconf 84' lang='lat' dir='ltr'><strong>and</strong></span> <span class='ocrx_word' id='word_1_339' title='bbox 1086 1451 1238 1482; x_wconf 90' lang='lat' dir='ltr'><strong>compare</strong></span> <span class='ocrx_word' id='word_1_340' title='bbox 1253 1440 1419 1482; x_wconf 82' lang='lat' dir='ltr'><strong>generally</strong></span> <span class='ocrx_word' id='word_1_341' title='bbox 1435 1448 1462 1471; x_wconf 89' lang='lat'><strong>11</strong></span> <span class='ocrx_word' id='word_1_342' title='bbox 1477 1441 1512 1472; x_wconf 90' lang='lat' dir='ltr'><strong>in</strong></span> 
     </span>
     <span class='ocr_line' id='line_1_57' title="bbox 887 1484 1158 1522; baseline 0 -8"><span class='ocrx_word' id='word_1_343' title='bbox 887 1484 1023 1515; x_wconf 89' lang='lat' dir='ltr'><strong>Verrem</strong></span> <span class='ocrx_word' id='word_1_344' title='bbox 1039 1492 1080 1514; x_wconf 84' lang='lat'><strong>111</strong></span> <span class='ocrx_word' id='word_1_345' title='bbox 1095 1486 1112 1522; x_wconf 66' lang='grc' dir='ltr'><strong>ἓ</strong></span> <span class='ocrx_word' id='word_1_346' title='bbox 1133 1495 1158 1514; x_wconf 89' lang='lat'><strong>1.</strong></span> 
     </span>
    </p>

    <p class='ocr_par' dir='ltr' id='par_1_20' title="bbox 882 1525 1515 1943">
     <span class='ocr_line' id='line_1_58' title="bbox 930 1525 1511 1567; baseline 0 -10"><span class='ocrx_word' id='word_1_347' title='bbox 930 1528 979 1557; x_wconf 80' lang='lat'><strong>28.</strong></span> <span class='ocrx_word' id='word_1_348' title='bbox 1010 1527 1050 1557; x_wconf 85' lang='lat' dir='ltr'><strong>ab</strong></span> <span class='ocrx_word' id='word_1_349' title='bbox 1080 1525 1211 1567; x_wconf 82' lang='lat' dir='ltr'><em>Sz&#39;culz&#39;s]</em></span> <span class='ocrx_word' id='word_1_350' title='bbox 1249 1537 1370 1567; x_wconf 82' lang='lat' dir='ltr'><strong>among</strong></span> <span class='ocrx_word' id='word_1_351' title='bbox 1401 1526 1511 1557; x_wconf 93' lang='lat' dir='ltr'><strong>whom</strong></span> 
     </span>
     <span class='ocr_line' id='line_1_59' title="bbox 884 1570 1512 1610; baseline 0 -10"><span class='ocrx_word' id='word_1_352' title='bbox 884 1580 948 1610; x_wconf 89' lang='lat' dir='ltr'><strong>you</strong></span> <span class='ocrx_word' id='word_1_353' title='bbox 958 1570 1040 1600; x_wconf 88' lang='lat' dir='ltr'><strong>have</strong></span> <span class='ocrx_word' id='word_1_354' title='bbox 1050 1570 1133 1601; x_wconf 89' lang='lat' dir='ltr'><strong>been</strong></span> <span class='ocrx_word' id='word_1_355' title='bbox 1145 1579 1181 1600; x_wconf 80' lang='lat' dir='ltr'><strong>as</strong></span> <span class='ocrx_word' id='word_1_356' title='bbox 1194 1570 1364 1609; x_wconf 85' lang='lat' dir='ltr'><strong>Quaestor.</strong></span> <span class='ocrx_word' id='word_1_357' title='bbox 1404 1570 1512 1600; x_wconf 90' lang='lat' dir='ltr'><strong>Hoto-</strong></span> 
     </span>
     <span class='ocr_line' id='line_1_60' title="bbox 885 1611 1515 1666; baseline 0.002 -24"><span class='ocrx_word' id='word_1_358' title='bbox 885 1623 961 1642; x_wconf 91' lang='lat' dir='ltr'><strong>man</strong></span> <span class='ocrx_word' id='word_1_359' title='bbox 977 1613 1067 1666; x_wconf 82' lang='lat' dir='ltr'><strong>aptly</strong></span> <span class='ocrx_word' id='word_1_360' title='bbox 1087 1623 1255 1653; x_wconf 87' lang='lat' dir='ltr'><strong>compares</strong></span> <span class='ocrx_word' id='word_1_361' title='bbox 1279 1612 1333 1643; x_wconf 88' lang='lat' dir='ltr'><strong>the</strong></span> <span class='ocrx_word' id='word_1_362' title='bbox 1349 1613 1463 1653; x_wconf 83' lang='lat' dir='ltr'><strong>saying</strong></span> <span class='ocrx_word' id='word_1_363' title='bbox 1477 1611 1515 1643; x_wconf 90' lang='lat' dir='ltr'><strong>of</strong></span> 
     </span>
     <span class='ocr_line' id='line_1_61' title="bbox 886 1655 1511 1695; baseline 0.002 -10"><span class='ocrx_word' id='word_1_364' title='bbox 886 1655 962 1686; x_wconf 83' lang='lat' dir='ltr'><strong>Bias</strong></span> <span class='ocrx_word' id='word_1_365' title='bbox 978 1655 1062 1695; x_wconf 81' lang='grc' dir='ltr'><em>αρχὴ</em></span> <span class='ocrx_word' id='word_1_366' title='bbox 1072 1656 1126 1686; x_wconf 82' lang='grc' dir='ltr'><strong>τὸν</strong></span> <span class='ocrx_word' id='word_1_367' title='bbox 1138 1656 1238 1694; x_wconf 86' lang='grc' dir='ltr'><em>ανδρα</em></span> <span class='ocrx_word' id='word_1_368' title='bbox 1255 1656 1395 1686; x_wconf 81' lang='grc' dir='ltr'>δεικνυσι.</span> <span class='ocrx_word' id='word_1_369' title='bbox 1430 1655 1511 1686; x_wconf 89' lang='lat' dir='ltr'><strong>Add</strong></span> 
     </span>
     <span class='ocr_line' id='line_1_62' title="bbox 885 1697 1509 1739; baseline 0 -10"><span class='ocrx_word' id='word_1_370' title='bbox 885 1698 1047 1729; x_wconf 87' lang='lat' dir='ltr'><strong>Demosth</strong></span> <span class='ocrx_word' id='word_1_371' title='bbox 1070 1698 1111 1729; x_wconf 94' lang='lat' dir='ltr'><strong>de</strong></span> <span class='ocrx_word' id='word_1_372' title='bbox 1133 1698 1214 1729; x_wconf 83' lang='lat' dir='ltr'><strong>falsa</strong></span> <span class='ocrx_word' id='word_1_373' title='bbox 1228 1697 1281 1739; x_wconf 83' lang='lat' dir='ltr'><strong>leg</strong></span> <span class='ocrx_word' id='word_1_374' title='bbox 1296 1698 1312 1735; x_wconf 69' lang='grc' dir='ltr'>ἓ</span> <span class='ocrx_word' id='word_1_375' title='bbox 1330 1708 1399 1738; x_wconf 82' lang='lat'><strong>247,</strong></span> <span class='ocrx_word' id='word_1_376' title='bbox 1417 1698 1509 1739; x_wconf 88' lang='lat' dir='ltr'><strong>Soph</strong></span> 
     </span>
     <span class='ocr_line' id='line_1_63' title="bbox 884 1723 1508 1781; baseline 0 -10"><span class='ocrx_word' id='word_1_377' title='bbox 884 1741 988 1781; x_wconf 86' lang='lat' dir='ltr'><strong>Antig</strong></span> <span class='ocrx_word' id='word_1_378' title='bbox 1021 1749 1090 1780; x_wconf 89' lang='lat'><em>177.</em></span> <span class='ocrx_word' id='word_1_379' title='bbox 1147 1723 1279 1771; x_wconf 88' lang='lat' dir='ltr'><strong>Halm.</strong></span> <span class='ocrx_word' id='word_1_380' title='bbox 1308 1741 1353 1772; x_wconf 91' lang='lat' dir='ltr'><strong>So</strong></span> <span class='ocrx_word' id='word_1_381' title='bbox 1385 1741 1508 1772; x_wconf 87' lang='lat' dir='ltr'><strong>Shake-</strong></span> 
     </span>
     <span class='ocr_line' id='line_1_64' title="bbox 883 1784 1508 1824; baseline 0 -10"><span class='ocrx_word' id='word_1_382' title='bbox 883 1794 1005 1824; x_wconf 86' lang='lat' dir='ltr'><strong>speare,</strong></span> <span class='ocrx_word' id='word_1_383' title='bbox 1030 1784 1179 1815; x_wconf 85' lang='lat' dir='ltr'><strong>Measure</strong></span> <span class='ocrx_word' id='word_1_384' title='bbox 1199 1784 1249 1814; x_wconf 86' lang='lat' dir='ltr'><strong>for</strong></span> <span class='ocrx_word' id='word_1_385' title='bbox 1268 1784 1418 1814; x_wconf 89' lang='lat' dir='ltr'><strong>Measure</strong></span> <span class='ocrx_word' id='word_1_386' title='bbox 1440 1791 1452 1814; x_wconf 94' lang='lat'>1</span> <span class='ocrx_word' id='word_1_387' title='bbox 1474 1784 1508 1814; x_wconf 92' lang='lat' dir='ltr'><strong>iii</strong></span> 
     </span>
     <span class='ocr_line' id='line_1_65' title="bbox 885 1826 1509 1867; baseline 0 -10"><span class='ocrx_word' id='word_1_388' title='bbox 885 1836 923 1866; x_wconf 84' lang='lat'><strong>53</strong></span> <span class='ocrx_word' id='word_1_389' title='bbox 945 1827 1065 1857; x_wconf 89' lang='lat' dir='ltr'><strong>‘hence</strong></span> <span class='ocrx_word' id='word_1_390' title='bbox 1081 1837 1129 1857; x_wconf 91' lang='lat' dir='ltr'><strong>we</strong></span> <span class='ocrx_word' id='word_1_391' title='bbox 1152 1826 1235 1857; x_wconf 83' lang='lat' dir='ltr'><strong>shall</strong></span> <span class='ocrx_word' id='word_1_392' title='bbox 1258 1837 1321 1865; x_wconf 82' lang='lat' dir='ltr'><strong>see,</strong></span> <span class='ocrx_word' id='word_1_393' title='bbox 1348 1826 1376 1857; x_wconf 83' lang='lat' dir='ltr'><strong>if</strong></span> <span class='ocrx_word' id='word_1_394' title='bbox 1398 1837 1509 1867; x_wconf 89' lang='lat' dir='ltr'><strong>power</strong></span> 
     </span>
     <span class='ocr_line' id='line_1_66' title="bbox 883 1870 1507 1911; baseline 0.002 -12"><span class='ocrx_word' id='word_1_395' title='bbox 883 1870 1007 1911; x_wconf 84' lang='lat' dir='ltr'><strong>change</strong></span> <span class='ocrx_word' id='word_1_396' title='bbox 1023 1880 1173 1911; x_wconf 88' lang='lat' dir='ltr'><strong>purpose,</strong></span> <span class='ocrx_word' id='word_1_397' title='bbox 1192 1870 1279 1900; x_wconf 84' lang='lat' dir='ltr'><strong>what</strong></span> <span class='ocrx_word' id='word_1_398' title='bbox 1295 1880 1354 1900; x_wconf 90' lang='lat' dir='ltr'><strong>our</strong></span> <span class='ocrx_word' id='word_1_399' title='bbox 1368 1879 1507 1901; x_wconf 83' lang='lat' dir='ltr'><strong>seemers</strong></span> 
     </span>
     <span class='ocr_line' id='line_1_67' title="bbox 882 1912 947 1943; baseline 0 0"><span class='ocrx_word' id='word_1_400' title='bbox 882 1912 947 1943; x_wconf 86' lang='lat' dir='ltr'><strong>be&#39;.</strong></span> 
     </span>
    </p>

    <p class='ocr_par' dir='ltr' id='par_1_21' title="bbox 876 1954 1508 2330">
     <span class='ocr_line' id='line_1_68' title="bbox 924 1954 1506 1995; baseline 0.002 -10"><span class='ocrx_word' id='word_1_401' title='bbox 924 1955 979 1985; x_wconf 79' lang='lat' dir='ltr'><strong>lzoc</strong></span> <span class='ocrx_word' id='word_1_402' title='bbox 994 1955 1104 1994; x_wconf 77' lang='lat' dir='ltr'><strong>dicere]</strong></span> <span class='ocrx_word' id='word_1_403' title='bbox 1128 1955 1230 1986; x_wconf 90' lang='lat' dir='ltr'><strong>Halm</strong></span> <span class='ocrx_word' id='word_1_404' title='bbox 1242 1954 1315 1986; x_wconf 89' lang='lat' dir='ltr'><strong>well</strong></span> <span class='ocrx_word' id='word_1_405' title='bbox 1327 1955 1435 1995; x_wconf 89' lang='lat' dir='ltr'><strong>points</strong></span> <span class='ocrx_word' id='word_1_406' title='bbox 1451 1961 1506 1986; x_wconf 81' lang='lat' dir='ltr'><strong>out</strong></span> 
     </span>
     <span class='ocr_line' id='line_1_69' title="bbox 882 1998 1506 2039; baseline 0 -11"><span class='ocrx_word' id='word_1_407' title='bbox 882 1998 952 2029; x_wconf 81' lang='lat' dir='ltr'><strong>that</strong></span> <span class='ocrx_word' id='word_1_408' title='bbox 976 1998 1040 2029; x_wconf 91' lang='lat' dir='ltr'><strong>this</strong></span> <span class='ocrx_word' id='word_1_409' title='bbox 1064 1998 1215 2039; x_wconf 88' lang='lat' dir='ltr'><strong>properly</strong></span> <span class='ocrx_word' id='word_1_410' title='bbox 1230 1998 1375 2039; x_wconf 85' lang='lat' dir='ltr'><strong>depends</strong></span> <span class='ocrx_word' id='word_1_411' title='bbox 1397 2009 1440 2028; x_wconf 91' lang='lat' dir='ltr'><strong>on</strong></span> <span class='ocrx_word' id='word_1_412' title='bbox 1460 1999 1506 2028; x_wconf 78' lang='lat' dir='ltr'><strong>di-</strong></span> 
     </span>
     <span class='ocr_line' id='line_1_70' title="bbox 882 2040 1507 2081; baseline -0.002 -10"><span class='ocrx_word' id='word_1_413' title='bbox 882 2051 962 2079; x_wconf 83' lang='lat' dir='ltr'><strong>cam,</strong></span> <span class='ocrx_word' id='word_1_414' title='bbox 1004 2040 1068 2071; x_wconf 86' lang='lat' dir='ltr'><strong>and</strong></span> <span class='ocrx_word' id='word_1_415' title='bbox 1105 2041 1175 2072; x_wconf 89' lang='lat' dir='ltr'><strong>that</strong></span> <span class='ocrx_word' id='word_1_416' title='bbox 1212 2041 1266 2072; x_wconf 89' lang='lat' dir='ltr'><strong>the</strong></span> <span class='ocrx_word' id='word_1_417' title='bbox 1305 2041 1507 2081; x_wconf 86' lang='lat' dir='ltr'><strong>intervening</strong></span> 
     </span>
     <span class='ocr_line' id='line_1_71' title="bbox 882 2083 1506 2124; baseline 0 -10"><span class='ocrx_word' id='word_1_418' title='bbox 882 2084 989 2114; x_wconf 86' lang='lat' dir='ltr'><strong>clause</strong></span> <span class='ocrx_word' id='word_1_419' title='bbox 1004 2084 1121 2114; x_wconf 85' lang='lat' dir='ltr'><strong>breaks</strong></span> <span class='ocrx_word' id='word_1_420' title='bbox 1131 2084 1186 2114; x_wconf 91' lang='lat' dir='ltr'><strong>the</strong></span> <span class='ocrx_word' id='word_1_421' title='bbox 1195 2083 1313 2124; x_wconf 85' lang='lat' dir='ltr'><strong>logical</strong></span> <span class='ocrx_word' id='word_1_422' title='bbox 1325 2084 1506 2114; x_wconf 88' lang='lat' dir='ltr'><strong>connexion</strong></span> 
     </span>
     <span class='ocr_line' id='line_1_72' title="bbox 882 2126 1505 2164; baseline 0.002 -7"><span class='ocrx_word' id='word_1_423' title='bbox 882 2126 919 2157; x_wconf 91' lang='lat' dir='ltr'><strong>of</strong></span> <span class='ocrx_word' id='word_1_424' title='bbox 937 2127 992 2157; x_wconf 85' lang='lat' dir='ltr'><strong>the</strong></span> <span class='ocrx_word' id='word_1_425' title='bbox 1010 2132 1171 2164; x_wconf 88' lang='lat' dir='ltr'><strong>sentence,</strong></span> <span class='ocrx_word' id='word_1_426' title='bbox 1191 2126 1297 2156; x_wconf 89' lang='lat' dir='ltr'><strong>which</strong></span> <span class='ocrx_word' id='word_1_427' title='bbox 1313 2126 1429 2157; x_wconf 88' lang='lat' dir='ltr'><strong>should</strong></span> <span class='ocrx_word' id='word_1_428' title='bbox 1445 2137 1505 2158; x_wconf 90' lang='lat' dir='ltr'><strong>run</strong></span> 
     </span>
     <span class='ocr_line' id='line_1_73' title="bbox 881 2169 1504 2210; baseline 0.002 -11"><span class='ocrx_word' id='word_1_429' title='bbox 881 2180 986 2200; x_wconf 81' lang='lat' dir='ltr'><strong>unum</strong></span> <span class='ocrx_word' id='word_1_430' title='bbox 1009 2169 1096 2200; x_wconf 82' lang='lat' dir='ltr'><em>illud</em></span> <span class='ocrx_word' id='word_1_431' title='bbox 1113 2169 1226 2206; x_wconf 81' lang='lat' dir='ltr'><strong>dicam,</strong></span> <span class='ocrx_word' id='word_1_432' title='bbox 1249 2170 1378 2206; x_wconf 75' lang='lat' dir='ltr'><strong>Siculos,</strong></span> <span class='ocrx_word' id='word_1_433' title='bbox 1402 2180 1422 2200; x_wconf 86' lang='lat' dir='ltr'><strong>a</strong></span> <span class='ocrx_word' id='word_1_434' title='bbox 1435 2170 1504 2210; x_wconf 82' lang='lat' dir='ltr'><strong>qui-</strong></span> 
     </span>
     <span class='ocr_line' id='line_1_74' title="bbox 879 2212 1508 2253; baseline 0.002 -10"><span class='ocrx_word' id='word_1_435' title='bbox 879 2213 936 2243; x_wconf 83' lang='lat' dir='ltr'><strong>bus</strong></span> <span class='ocrx_word' id='word_1_436' title='bbox 949 2213 1022 2242; x_wconf 80' lang='lat' dir='ltr'><strong>solis</strong></span> <span class='ocrx_word' id='word_1_437' title='bbox 1033 2212 1130 2253; x_wconf 82' lang='lat' dir='ltr'><strong>(quod</strong></span> <span class='ocrx_word' id='word_1_438' title='bbox 1135 2222 1242 2242; x_wconf 79' lang='lat' dir='ltr'><strong>omnes</strong></span> <span class='ocrx_word' id='word_1_439' title='bbox 1256 2212 1508 2244; x_wconf 79' lang='lat' dir='ltr'><strong>animadvertere</strong></span> 
     </span>
     <span class='ocr_line' id='line_1_75' title="bbox 878 2255 1505 2296; baseline 0.002 -10"><span class='ocrx_word' id='word_1_440' title='bbox 878 2255 977 2291; x_wconf 79' lang='lat' dir='ltr'><strong>credo)</strong></span> <span class='ocrx_word' id='word_1_441' title='bbox 1000 2256 1105 2286; x_wconf 74' lang='lat' dir='ltr'><strong>adhuc</strong></span> <span class='ocrx_word' id='word_1_442' title='bbox 1128 2256 1268 2295; x_wconf 74' lang='lat' dir='ltr'><strong>cognosci</strong></span> <span class='ocrx_word' id='word_1_443' title='bbox 1287 2255 1427 2296; x_wconf 77' lang='lat' dir='ltr'><strong>potuisti,</strong></span> <span class='ocrx_word' id='word_1_444' title='bbox 1448 2255 1505 2287; x_wconf 79' lang='lat' dir='ltr'><strong>lzoc</strong></span> 
     </span>
     <span class='ocr_line' id='line_1_76' title="bbox 876 2299 982 2330; baseline 0.009 -1"><span class='ocrx_word' id='word_1_445' title='bbox 876 2299 982 2330; x_wconf 81' lang='lat' dir='ltr'><strong>dicere.</strong></span> 
     </span>
    </p>
   </div>
  </div>
 </body>
</html>
