1669 2531
239 117 311 151 104

671 109 750 145 IN
780 110 816 147 C
857 109 1109 146 VERREM
1352 106 1465 160 [XVl
1485 118 1535 156 49

166 194 215 232 49
235 191 350 229 etiam
381 193 482 231 oculi
512 193 646 243 populi
679 193 849 232 Romani
882 193 1065 232 interesse
1092 192 1304 231 videantur.
1376 206 1436 242 49.
1467 205 1536 230 vos

234 255 381 305 aliquot
401 256 473 294 iam
495 270 563 307 per
588 270 710 294 annos
739 264 968 306 conceptam
996 256 1086 294 huic
1111 256 1236 294 ordini
1261 255 1536 305 turpitudinem

234 326 350 368 atque
383 320 580 358 infamiam
615 322 741 359 delere
775 335 820 358 ac
858 322 989 359 tollere
1022 319 1193 369 potestis.
1261 326 1412 365 constat
1439 318 1537 356 inter

236 395 370 420 omnes
400 391 488 432 post
520 385 616 422 haec
646 385 856 423 constituta
886 384 1038 430 iudicia,
1075 384 1214 433 quibus
1247 397 1351 421 nunc
1383 382 1534 428 utimur,

236 447 384 483 nullum
405 448 479 484 hoc
499 448 703 496 splendore
729 456 844 498 atque
864 450 937 486 hac
966 448 1152 497 dignitate
1176 448 1379 500 consilium
1408 448 1534 485 fuisse.

236 509 299 546 hic
336 510 367 548 si
404 511 498 560 quid
531 512 600 550 erit
637 513 837 560 offensum,
877 526 1010 550 omnes
1051 512 1228 550 homines
1265 525 1345 550 non
1382 511 1458 549 iam
1491 523 1539 548 ex

237 574 376 611 eodem
405 575 539 613 ordine
567 575 663 613 alios
691 576 811 625 magis
841 576 1014 623 idoneos,
1050 576 1155 625 quod
1183 575 1263 613 fieri
1291 588 1371 613 non
1399 581 1538 624 potest,

237 638 304 676 sed
332 639 448 676 alium
478 639 637 677 omnino
666 640 840 677 ordinem
861 641 911 678 ad
941 653 999 677 res
1026 639 1251 677 iudicandas
1276 637 1539 687 quaerendum

171 702 216 738 50
236 701 527 741 arbitrabuntur.
609 705 741 741 XVII.
801 715 858 752 50.
910 710 1141 751 quapropter
1183 701 1349 750 primum
1394 702 1443 739 ab
1481 700 1539 738 dis

236 766 526 814 immortalibus,
549 768 654 816 quod
680 780 829 816 sperare
855 766 949 803 mihi
974 767 1117 812 videor,
1144 766 1219 803 hoc
1243 765 1358 810 idem,
1380 764 1538 810 iudices,

237 837 341 879 opto,
371 838 414 868 ut
442 831 481 868 in
509 832 584 869 1100
612 830 755 868 iudicio
784 843 901 868 nemo
935 829 1132 878 improbus
1161 835 1312 878 praeter
1341 841 1441 874 eum,
1473 828 1540 876 qui

236 893 313 932 iam
342 894 491 943 pridem
519 894 697 933 inventus
726 902 794 939 est⁷
825 894 1043 942 reperiatur,
1074 893 1215 931 deinde
1249 893 1280 930 si
1310 894 1436 941 plures
1474 892 1541 930 im-

235 957 348 1006 probi
385 958 534 1004 suerint,
573 959 649 995 hoc
685 957 807 1003 vobis,
846 958 921 995 hoc
957 958 1104 1006 populo
1144 958 1337 1003 Romano,
1377 956 1536 1002 iudices,

235 1023 433 1067 confirmo,
473 1022 590 1059 vitam
625 1022 843 1059 mehercule
880 1021 974 1058 mihi
1008 1021 1113 1070 prius
1151 1035 1264 1071 quam
1302 1022 1380 1058 vim
1417 1035 1542 1070 perse-

181 1129 217 1150 ,X
235 1086 524 1134 verantiamque
557 1085 606 1122 ad
640 1084 791 1122 illorum
825 1085 1111 1134 improbitatem
1141 1086 1449 1135 persequendam
1479 1086 1541 1125 de—

35 1173 77 1211 sa
180 1158 186 1165 ”’
238 1150 413 1187 futuram.

44 1211 56 1217 ’
172 1219 218 1256 51
318 1223 377 1261 51.
425 1225 558 1250 verum
584 1212 690 1262 quod
719 1226 790 1262 ego
826 1211 1021 1250 laboribus
1046 1211 1224 1261 periculis
1255 1211 1542 1262 inimicitiisque

237 1274 332 1313 meis
360 1282 443 1313 turn
467 1289 556 1312 cum
582 1275 794 1313 admissum
823 1275 893 1314 erit
922 1276 1091 1313 dedecus
1118 1289 1248 1314 severe
1276 1290 1338 1315 me
1366 1290 1540 1326 persecu-

236 1347 363 1378 turum
401 1342 483 1377 esse
521 1339 714 1388 polliceor,
754 1339 793 1377 id
830 1353 879 1377 ne
917 1339 1078 1386 accidat,
1118 1346 1159 1377 tu
1205 1346 1270 1377 tua
1316 1341 1542 1380 auctoritate

236 1403 424 1453 sapientia
456 1403 662 1453 diligentia,
695 1405 751 1440 Μ’
783 1402 952 1449 Glabrio,
982 1411 1093 1452 potes
1121 1403 1332 1452 providere.
1391 1405 1543 1454 suscipe

237 1480 392 1505 causam
421 1467 661 1515 iudiciorum,
695 1467 845 1517 suscipe
882 1480 1037 1504 causam
1075 1467 1283 1506 severitatis
1316 1468 1540 1518 integritatis

236 1531 326 1570 fidei
358 1530 562 1580 religionis,
595 1531 744 1579 suscipe
778 1544 932 1568 causam
963 1537 1128 1576 senatus,
1157 1538 1199 1568 ut
1229 1530 1260 1568 is
1292 1532 1368 1569 hoc
1397 1531 1541 1570 iudicio

236 1595 420 1643 probatus
446 1607 534 1631 011111
559 1594 704 1642 populo
732 1595 913 1632 Romano
940 1600 977 1631 et
997 1593 1035 1630 in
1054 1594 1169 1631 laude
1190 1601 1227 1632 et
1252 1594 1290 1631 in
1315 1595 1434 1644 gratia
1458 1608 1540 1633 esse

279 1711 331 1742 49.
375 1699 564 1740 conceptam]
624 1699 853 1731 ‘contracte(l⁷.

238 1743 284 1775 Cf
294 1753 353 1784 pro
371 1743 456 1773 Rosc
480 1744 581 1773 Amer
604 1744 620 1781 ξ
642 1742 681 1773 66
700 1747 857 1783 paternus

238 1791 458 1826 maternusque
495 1786 626 1825 sangnis
660 1796 698 1815 ex
735 1796 795 1825 qno
828 1785 858 1815 si

239 1829 364 1859 macula
389 1832 529 1868 concepta
556 1828 598 1858 sit
626 1832 685 1865 ete,
713 1828 753 1858 de
776 1827 824 1858 off
843 1835 855 1858 1

239 1873 254 1908 ξ
284 1877 341 1909 123
372 1871 440 1911 {psa
466 1875 601 1901 senectus
631 1870 755 1901 dedecus
784 1881 854 1900 con-

962 1700 1064 1730 allum
1080 1700 1210 1730 onznino
1224 1699 1378 1738 ordinem]
1394 1710 1427 1731 sc
1442 1711 1540 1740 eques-

920 1746 1009 1772 trem.
1058 1742 1120 1773 See
1136 1743 1238 1772 above
1255 1753 1297 1772 on
1313 1744 1328 1780 ἓ
1347 1753 1374 1772 2.

964 1785 1038 1815 xvii.
1066 1793 1114 1823 50.
1160 1790 1286 1824 sperare
1315 1785 1397 1814 mihi
1422 1785 1542 1823 videor]

928 1832 1088 1867 :sperare
1126 1827 1226 1857 debere
1254 1827 1337 1857 miln'
1367 1827 1474 1857 videor
1507 1828 1539 1857 ‘1

922 1869 1014 1899 think
1036 1870 1051 1899 I
1075 1869 1158 1900 have
1180 1869 1305 1909 ground
1328 1869 1377 1899 sor
1400 1869 1540 1910 hoping'

241 1913 269 1944 ci
291 1914 324 1943 it.

262 1922 346 1996 ppos!
367 1955 451 1993 haec]
476 1955 529 1986 the
554 1955 725 1986 senatorial
750 1958 855 1986 courts

238 1998 431 2029 established
448 1998 489 2037 by
507 1998 606 2028 Sulla.

281 2041 336 2071 hoc
389 2040 700 2080 splendorc]:llnt'ns
745 2039 857 2070 iudicii

237 2083 404 2124 splendore.
455 2082 499 2113 Cf
520 2082 656 2122 Madvig
680 2093 721 2112 on
747 2083 787 2112 de
810 2082 854 2112 fin

238 2134 264 2156 11
283 2127 297 2163 ἓ
312 2124 352 2156 66
369 2125 420 2155 liic
441 2125 664 2155 dalorzhuius
686 2125 730 2155 rei
747 2125 849 2161 dolor,

238 2176 265 2198 11
283 2169 316 2198 in
332 2168 464 2198 Verrem
476 2175 487 2197 Ι
506 2169 521 2206 ξ
541 2168 576 2197 18
593 2168 636 2197 ila
647 2167 855 2197 rci'ecz'z'mlz'ccs

237 2215 274 2240 ut
301 2211 356 2240 lzoc
380 2214 501 2240 constat
522 2213 595 2250 post
622 2209 708 2239 hunc
736 2214 853 2239 slatum

237 2252 421 2293 reipublicae
434 2263 495 2293 quo
515 2262 602 2282 nunc
618 2252 744 2282 utimar
756 2251 857 2281 simili

236 2296 396 2336 splendore
436 2299 465 2325 ct
499 2294 651 2335 dignitate
687 2294 852 2325 consilinm

236 2338 364 2368 nullum
370 2336 483 2378 fecisse.

921 1922 956 1941 so
973 1912 1049 1942 used
1066 1912 1098 1942 in
1115 1912 1243 1943 Laelius
1259 1914 1275 1950 ἓ
1296 1922 1341 1951 15,
1368 1912 1409 1942 de
1429 1917 1497 1942 orat
1513 1919 1539 1942 11

921 1956 937 1992 ἓ
958 1965 1025 1984 122.

963 1997 1044 2036 θρίω]
1068 2007 1103 2027 so
1126 1996 1180 2027 the
1196 1997 1267 2027 best
1293 2004 1375 2026 MSSt
1398 1996 1453 2027 the
1475 2001 1539 2027 rest

920 2039 1001 2069 have
1012 2044 1090 2079 pcto.
1126 2039 1210 2069 Csin
1224 2039 1308 2069 Catil
1326 2046 1352 2068 11
1372 2040 1387 2076 §
1405 2048 1438 2076 ¹5
1453 2050 1537 2068 unn-

920 2092 1016 2122 qnam
1023 2092 1097 2122 egon
1110 2082 1171 2111 diis
1180 2081 1413 2111 immorltzlibns
1422 2081 1537 2120 oplabo.

965 2133 1012 2161 51.
1062 2123 1251 2161 inimicitiis]
1280 2123 1442 2163 ‘personal
1466 2123 1538 2153 hos-

920 2166 1030 2206 tility',
1051 2166 1085 2196 cf
1101 2166 1203 2197 above
1219 2167 1234 2204 ἓ
1251 2164 1289 2205 36
1306 2165 1472 2196 inimicum
1489 2177 1538 2196 ac-

920 2213 1099 2238 cnsatorem.

962 2251 1091 2290 suscipe]
1115 2261 1167 2281 see
1189 2254 1265 2281 note
1280 2260 1323 2281 on
1338 2250 1393 2280 div
1409 2250 1441 2280 in
1459 2250 1537 2281 Cae-

920 2293 1028 2324 cilium
1044 2295 1060 2331 ξ
1078 2292 1128 2323 26.

963 2335 999 2367 in
1009 2335 1120 2376 gratia
1135 2335 1205 2374 esse]
1216 2335 1250 2366 cf
1260 2336 1276 2374 ἓ
1289 2345 1305 2366 2
1317 2335 1442 2366 adduxi
1454 2335 1537 2366 enim
