1669 2531
174 112 252 149 XV
270 110 338 164 48]
669 108 888 147 DIVINA
897 107 993 145 TJO
1434 116 1482 156 35

175 210 261 235 cum
293 194 616 245 subscriptoribus
645 191 858 232 exercitatis
885 199 922 230 et
947 190 1108 230 disertis.
1166 198 1224 229 est
1252 197 1382 229 tamen
1407 191 1484 229 hoc

174 259 332 309 aliquid,
353 258 506 297 tametsi
530 270 610 295 non
637 264 694 295 est
721 255 811 294 satis
826 269 836 302 3
869 255 1049 293 omnibus
1075 254 1178 292 enim
1206 255 1319 292 rebus
1345 254 1388 302 is,
1416 254 1483 303 qui

174 322 352 372 princeps
384 322 423 359 in
453 321 605 370 agendo
639 327 707 365 est,
737 318 1001 356 ornatissimus
1035 325 1073 356 et
1103 317 1365 367 paratissimus
1398 330 1483 355 esse

175 387 303 424 debet.
360 398 492 423 verum
525 391 655 421 tamen
680 384 713 420 L
739 382 976 431 Appuleium
1006 394 1089 420 esse
1116 381 1232 420 video
1263 381 1484 430 proximum

175 447 485 497 subscriptorem,
512 445 709 484 hominem
738 458 817 483 non
846 453 982 492 aetate,
1013 446 1082 483 sed
1107 458 1177 482 usu
1200 443 1340 483 forensi
1367 451 1485 493 atque

175 512 447 550 exercitatione
483 511 656 549 tironem.
715 509 868 555 deinde,
898 516 941 546 ut
967 509 1114 558 opinor,
1144 510 1261 546 habet
1289 508 1482 556 Alienum,
1500 505 1550 542 48

175 577 278 614 hunc
297 584 426 614 tamen
445 575 494 612 ab
513 573 702 612 subselliis
720 588 726 611 :
760 573 826 623 qui
846 574 941 623 quid
961 574 1000 611 in
1020 573 1186 612 dicendo
1212 582 1354 623 posset,
1375 587 1487 612 num-

176 652 290 689 quam
319 640 408 677 satis
436 637 596 684 attendi,
634 637 674 675 in
710 637 915 675 clamando
955 637 1109 686 quidem
1141 637 1256 675 video
1285 650 1372 675 eum
1401 651 1486 676 esse

175 703 276 740 bene
307 703 506 739 robustum
535 707 651 749 atque
681 701 938 738 exercitatum.
996 700 1036 738 in
1063 701 1139 738 hoc
1165 713 1252 750 spes
1281 707 1371 739 tuae
1396 709 1485 740 sunt

176 779 310 804 omnes
331 781 338 805 :
368 766 442 812 hic,
464 765 496 802 si
515 772 554 803 tu
576 765 647 803 eris
666 773 774 803 actor
793 766 1036 812 constitutus,
1058 772 1180 804 totum
1203 765 1388 803 iudicium
1408 780 1487 805 sus·

176 828 324 867 tinebit.
382 842 429 866 ac
458 842 509 866 ne
538 827 570 866 is
603 828 761 877 quidem
794 836 946 866 tantum
983 830 1195 867 contendet
1231 828 1271 866 in
1304 829 1484 877 dicendo,

175 901 364 941 quantum
397 899 535 941 potest,
571 892 641 929 sed
674 893 851 930 consulet
888 892 993 930 laudi
1022 899 1059 930 et
1088 892 1361 930 existimationi
1397 900 1487 930 tuae

174 963 214 993 et
233 969 279 994 ex
299 969 356 1003 eo,
379 956 485 1005 quod
513 955 595 1004 ipse
623 962 752 1004 potest
780 955 820 992 in
846 955 1027 1002 dicendo,
1048 955 1286 1004 aliquantum
1305 955 1486 1002 remittet,

175 1027 218 1058 ut
241 1027 283 1058 tu
311 1027 441 1058 tamen
468 1018 614 1067 aliquid
643 1031 726 1056 esse
754 1018 917 1056 videare.
974 1026 1016 1055 ut
1042 1018 1080 1055 in
1109 1019 1304 1057 actoribus
1331 1019 1488 1057 Graecis

176 1083 257 1121 fieri
275 1082 451 1121 videmus
471 1095 584 1131 saepe
603 1081 722 1128 illum,
744 1080 809 1130 qui
838 1089 894 1119 est
920 1082 1175 1119 secundarum
1203 1090 1269 1120 aut
1293 1082 1488 1121 tertiarum

177 1148 355 1199 partium,
376 1161 464 1185 cum
484 1147 607 1196 possit
626 1146 825 1196 aliquanto
846 1146 982 1184 clarius
1012 1145 1138 1185 dicere
1164 1160 1280 1196 quam
1306 1147 1388 1196 ipse
1414 1147 1487 1196 pri—

178 1224 336 1257 marum,
359 1211 523 1247 multum
550 1209 786 1256 submittere,
813 1216 855 1246 ut
880 1208 944 1247 ille
971 1209 1148 1259 princeps
1178 1223 1294 1259 quam
1322 1211 1488 1248 maxime

219 1307 269 1344 48.
327 1306 366 1336 ab
405 1305 569 1344 subselliis]
614 1305 698 1336 from
740 1305 796 1336 the

175 1349 395 1385 benches‚=a
421 1359 498 1378 man
523 1348 597 1378 who
622 1348 647 1378 is
674 1353 732 1378 not
758 1358 800 1378 an

177 1397 261 1422 utter
285 1397 429 1431 stranger
454 1396 487 1421 to
511 1391 565 1421 the
585 1391 650 1421 bar.
701 1391 798 1421 Com-

907 1305 1064 1335 actoribus
1103 1306 1242 1344 Graecis]
1286 1306 1341 1337 the
1379 1306 1488 1338 Greek

865 1353 954 1387 stage
977 1358 1043 1378 was
1065 1349 1139 1379 well
1162 1349 1291 1388 enough
1316 1349 1434 1380 known
1454 1356 1488 1380 to

865 1391 920 1420 the
931 1391 1087 1421 educated
1103 1391 1229 1421 Roman
1243 1392 1370 1431 public;
1387 1392 1489 1423 hence

176 1444 253 1474 pare
278 1434 318 1464 de
345 1439 415 1464 orat
442 1441 453 1463 1
481 1435 496 1471 ἓ
523 1433 584 1472 264
607 1433 712 1473 qualis
741 1443 801 1463 esse

170 1481 270 1516 posset
283 1477 312 1512 is
326 1476 384 1516 qui
396 1476 551 1506 habitaret
564 1476 600 1505 in
615 1475 776 1505 subselliis.

218 1519 277 1559 qui
288 1519 370 1559 quid
375 1518 492 1558 posset]
515 1519 573 1559 qui
585 1518 794 1555 adversative,

177 1571 212 1592 as
224 1562 256 1591 in
269 1571 328 1602 pro
342 1562 417 1591 Mur
429 1562 446 1598 ἓ
464 1572 475 1591 1
486 1571 510 1597 1,
525 1571 584 1601 pro
598 1561 685 1591 Rosc
698 1561 798 1591 Amer

180 1605 196 1641 ξ
220 1604 262 1634 80
284 1604 348 1634 and
370 1604 554 1634 elsewhere.
606 1603 762 1643 ‘Though
782 1603 798 1633 Ι

178 1646 260 1676 have
284 1656 382 1676 never
409 1646 507 1676 taken
533 1646 588 1676 the
614 1646 740 1676 trouble
765 1650 799 1676 to

178 1689 286 1719 notice
315 1688 404 1719 what
439 1689 481 1719 he
516 1689 613 1719 could
643 1689 686 1719 do
715 1699 750 1719 as
780 1699 800 1719 a

177 1730 340 1771 speaker'.

221 1773 258 1803 in
275 1772 456 1813 clamando]
479 1784 513 1804 as
536 1783 555 1803 a
576 1773 707 1804 bawler.
755 1773 800 1804 So

179 1815 297 1846 Brutus
315 1817 331 1853 ἓ
351 1817 407 1846 182
431 1826 521 1856 quem
543 1817 715 1846 existimem
736 1817 797 1846 cla-

179 1863 329 1888 matorem
354 1869 443 1898 quem
462 1863 613 1888 oratorem
628 1859 740 1899 juisse,
760 1859 799 1889 de

178 1908 249 1931 orat
276 1908 317 1931 111
343 1902 359 1939 ἓ
384 1902 421 1931 81
446 1901 627 1931 clamatores
648 1901 745 1931 odiosi
764 1912 800 1932 ac

179 1943 304 1973 molesti.

219 1985 396 2024 sustinebit]
417 1985 485 2016 will
506 1985 547 2016 be
569 1985 624 2016 the
641 1986 801 2026 mainstay

180 2027 218 2058 of
228 2028 283 2059 the
298 2038 381 2058 case.

221 2069 272 2110 ac]
296 2070 432 2101 another
453 2070 588 2111 reading
602 2070 629 2101 is
644 2074 688 2108 at,
706 2070 766 2101 but
779 2071 796 2102 I

178 2113 284 2154 prefer
297 2123 335 2143 ac
345 2113 424 2144 with
442 2113 555 2143 Halm.

221 2156 439 2196 ne...quidem]
462 2166 516 2186 see
531 2166 573 2186 on
590 2156 606 2193 ἓ
621 2166 672 2195 44.

220 2202 326 2229 tamen
340 2198 478 2239 aliquid]
500 2208 536 2228 so
554 2199 570 2235 ξ
587 2207 626 2237 47
637 2202 681 2228 est
693 2202 800 2228 tamen

179 2240 235 2271 hoc
259 2241 386 2281 aliquid
406 2241 471 2271 and
493 2241 570 2273 here
592 2241 679 2271 lzunc
692 2245 800 2271 tamm

178 2283 218 2314 ab
231 2283 389 2314 subselliis.
432 2285 440 2299 ‘
452 2283 539 2314 That
553 2293 617 2323 you
629 2293 702 2322 may
715 2293 802 2313 seem

180 2330 214 2356 to
239 2325 280 2357 be
302 2326 486 2367 something
509 2325 604 2367 (little
627 2326 752 2366 though
775 2326 801 2357 it

181 2366 260 2402 bel’.

866 1443 907 1462 an
923 1439 1032 1463 orator
1054 1433 1158 1473 might
1180 1444 1236 1464 use
1259 1434 1337 1465 such
1360 1445 1379 1465 a
1402 1445 1489 1465 com-

866 1475 997 1516 parison
1024 1486 1059 1506 as
1088 1476 1162 1511 this,
1191 1476 1305 1516 telling
1326 1487 1361 1507 as
1383 1477 1407 1507 it
1424 1488 1489 1508 was

867 1519 910 1558 by
926 1528 1040 1548 reason
1063 1518 1099 1548 of
1117 1519 1172 1549 the
1195 1519 1315 1549 double
1337 1520 1490 1561 meaning

867 1561 903 1591 os
914 1561 968 1591 the
984 1561 1074 1591 word
1089 1566 1185 1591 actor.
1232 1562 1345 1591 Halm.

900 1603 980 1643 fieri
991 1604 1144 1642 videmus]
1167 1604 1291 1634 instead
1308 1604 1344 1635 of
1361 1609 1397 1635 ut
1410 1605 1490 1635 with

867 1645 921 1676 the
951 1646 1152 1686 subjunctive
1182 1646 1350 1688 following
1379 1658 1413 1678 as
1438 1658 1490 1679 we

867 1688 983 1719 should
1004 1694 1118 1729 expect
1141 1689 1221 1719 after
1234 1690 1319 1730 fieri,
1340 1701 1389 1721 we
1405 1690 1490 1721 have

866 1741 907 1761 an
923 1732 1103 1762 accusative
1122 1732 1185 1761 and
1209 1732 1365 1762 infinitive
1381 1733 1490 1773 owing

866 1778 899 1803 to
916 1774 970 1804 the
985 1774 1155 1805 atti-action
1171 1775 1334 1806 exercised
1350 1776 1392 1815 by
1406 1777 1488 1806 vide-

866 1827 948 1846 mus.

908 1859 1132 1897 secundarum]
1167 1869 1203 1889 so
1234 1859 1350 1890 Brutus
1380 1862 1395 1898 ἓ
1428 1871 1488 1897 24²

871 1902 898 1939 Q
913 1902 1036 1931 Arrius
1057 1902 1114 1942 qui
1125 1902 1201 1941 suit
1213 1903 1261 1932 M
1275 1903 1385 1933 Crassi
1398 1904 1493 1943 quasi

866 1944 1086 1975 secundarum.
1136 1945 1208 1975 The
1239 1945 1347 1975 Greek
1377 1946 1490 1976 drama.

867 1986 1016 2017 confined
1032 1986 1121 2017 itself
1132 1992 1165 2017 to
1181 1987 1270 2017 three
1286 1995 1398 2018 actors.

908 2029 1097 2067 submittere]
1140 2039 1250 2066 vocem,
1298 2030 1398 2060 lower
1433 2030 1489 2061 the

865 2075 942 2101 tone
972 2070 1008 2101 of
1033 2071 1083 2102 his
1112 2072 1214 2102 voice.
1276 2072 1321 2103 So
1352 2073 1488 2104 Alienus

866 2114 934 2143 will
950 2113 1049 2144 lower
1066 2114 1120 2144 the
1136 2120 1212 2144 tone
1229 2114 1265 2144 of
1284 2115 1333 2145 his
1356 2115 1483 2156 speech.

868 2156 1030 2197 Compare
1041 2162 1148 2187 orator
1157 2158 1171 2194 ξ
1183 2157 1200 2186 8
1205 2165 1221 2194 5
1233 2157 1363 2198 itemque
1371 2158 1490 2198 siquae

865 2199 1031 2229 verborum
1060 2199 1235 2229 iterationes
1261 2200 1488 2230 contentionem

866 2241 1010 2281 aliquam
1053 2246 1082 2271 et
1115 2242 1280 2271 clamorem
1317 2242 1486 2282 requirent,

865 2288 963 2314 erunt
976 2284 1014 2314 ab
1029 2284 1089 2315 ltac
1103 2285 1323 2315 summissione
1335 2285 1488 2316 orationis

865 2326 996 2357 alienae.

1278 2435 1378 2472 3-2
