1669 2531
224 126 272 162 82
656 126 733 162 IN
766 126 800 163 C
843 126 1096 163 VERREM

223 225 362 261 campo
392 226 480 250 cum
512 211 680 249 maxima
708 212 921 261 frequentia
949 225 994 249 ac
1023 211 1280 259 multitudine,
1308 215 1531 267 litt-*obviam

222 288 311 313 casu
342 275 374 314 ei
405 275 641 313 multitudini
672 277 704 314 C
734 276 862 322 Curio,
884 289 1013 324 quem
1043 288 1115 325 ego
1147 277 1344 315 hominem
1375 279 1532 317 honoris

221 340 348 387 potius
382 352 497 388 quarn
531 339 787 377 contumeliae
817 352 934 377 causa
964 339 1206 376 nominatum
1239 342 1350 379 volo:
1388 343 1530 380 etenim

224 415 267 439 ea
287 402 424 448 dicam,
448 415 547 451 quae
574 401 635 439 ille
665 401 694 439 si
722 401 1014 439 commemorari
1043 403 1239 450 noluisset,
1260 417 1338 442 non
1365 412 1472 443 tanto
1494 406 1530 443 in

204 472 414 503 -conventu
444 473 522 503 tam
551 472 681 514 aperte
709 467 917 514 palamque
946 465 1114 512 dixisset,
1136 479 1234 514 quae
1263 474 1392 505 tamen
1421 482 1443 506 a
1467 482 1531 507 me

223 527 501 576 pedetemptim
535 535 724 577 cauteque
751 528 936 568 dicentur,
968 536 1009 565 ut
1038 536 1075 566 et
1103 529 1294 567 amicitiae
1322 538 1473 569 nostrae
1494 540 1532 569 et

158 594 203 629 19
223 589 417 639 dignitatis
442 591 540 629 illius
560 591 810 645 habitauratio
839 604 920 628 esse
950 591 1201 644 intellegatur.
1262 605 1318 640 19.
1349 593 1453 631 videt
1481 596 1530 632 ad

222 654 348 703 ipsum
361 655 545 693 fornicem
562 655 775 693 Fabianum
789 655 825 692 in
841 656 1132 694 turbaVerrem:
1153 657 1320 704 appellat
1332 658 1529 696 hominem

222 727 258 756 et
279 718 313 756 ei
332 732 430 757 voce
450 720 616 757 maxima
635 719 834 757 victoriam
864 720 1095 767 gratulatur:
1125 719 1196 768 ipsi
1220 721 1443 767 Hortensio,
1465 722 1529 771 qui

221 784 357 820 consul
386 791 465 820 erat
494 784 626 829 sactus,
657 782 882 832 propinquis
910 783 1212 832 necessariisque
1242 783 1332 830 eius,
1355 785 1419 833 qui
1449 793 1529 823 tum

221 847 391 892 aderant,
426 848 585 884 verbum
618 847 766 883 nullum
804 845 916 883 facit:
963 858 1051 882 cum
1090 847 1165 884 hoc
1202 847 1388 894 consistit,
1427 849 1529 886 hunc

1365 125 1462 178 [vn
1489 131 1534 166 18

220 910 468 958 amplexatur,
504 911 606 946 hunc
637 909 743 947 iubet
773 909 854 946 sine
881 921 970 946 cura
999 922 1092 946 esse.

222 972 306 1011 tibi
339 981 382 1011 te
420 973 658 1011 hodiernis
696 972 900 1010 comitiis
939 985 1038 1009 esse
1075 973 1348 1012 absolutum.

255 1053 298 1093 fit
321 1053 443 1083 obviam
470 1054 558 1092 casu]
597 1054 751 1093 denoting
788 1053 842 1084 the

220 1096 418 1135 undesigned
450 1097 512 1126 and
544 1097 651 1126 casual
679 1097 843 1126 character

221 1139 256 1167 os
270 1138 322 1169 the
339 1141 490 1179 meeting.
539 1139 681 1180 Perhaps
698 1139 840 1169 ironical.

220 1181 340 1210 obviam
372 1181 425 1218 ire,
458 1182 565 1212 venire
597 1192 650 1212 are
678 1182 842 1221 generally

220 1224 297 1253 used
314 1223 351 1253 of
361 1224 461 1264 going
476 1225 552 1255 with
576 1224 631 1255 the
654 1235 793 1265 purpose
810 1224 846 1254 os

220 1271 372 1305 meeting.

266 1310 294 1339 C
316 1308 426 1347 Curio]
460 1320 500 1339 on
524 1309 573 1339 his
597 1309 761 1339 character
789 1320 842 1339 see

222 1351 337 1382 Brutus
369 1352 404 1389 ἓξ
433 1361 624 1388 213—220.
691 1352 744 1382 Ile
777 1352 840 1382 had

221 1394 301 1424 been
327 1394 437 1424 consul
466 1395 496 1424 in
526 1402 572 1424 BC
602 1393 640 1433 76
671 1395 733 1424 and
765 1395 839 1425 then

221 1436 391 1476 proconsul
416 1436 452 1467 of
472 1437 685 1467 Macedonia:
709 1437 750 1467 he
766 1437 839 1467 died

221 1479 252 1509 in
272 1487 321 1509 BC
346 1488 396 1517 53.
444 1480 570 1519 Zumpt.
622 1480 674 1510 lle
697 1490 762 1509 was
786 1480 840 1510 the

222 1522 323 1551 father
355 1521 392 1551 of
421 1522 475 1552 the
509 1521 648 1552 brilliant
685 1522 843 1561 renegade

224 1565 349 1594 ‘audax
373 1564 480 1594 venali
502 1565 600 1595 Curio
625 1564 747 1604 liugua'
766 1565 842 1602 (Lu-

220 1609 304 1643 can).

263 1649 391 1679 honoris
400 1649 509 1687 musa]
530 1649 620 1679 ‘with
633 1649 674 1679 all
689 1655 809 1689 respect
820 1648 836 1684 ⁹,

222 1691 254 1721 cf
272 1702 330 1732 pro
356 1692 439 1722 Rosc
468 1692 568 1721 Amer
593 1694 608 1729 ξ
635 1691 653 1722 6
696 1693 723 1722 l,
747 1692 840 1721 hulla

221 1744 309 1773 quem
331 1734 458 1764 honoris
479 1745 574 1764 causa
596 1734 745 1765 nomino:
770 1734 845 1775 prof

222 1777 337 1816 Mayor
353 1787 394 1806 on
414 1777 543 1816 Philipp
562 1785 587 1806 11
605 1778 620 1813 ἓ
638 1785 687 1814 30.

264 1819 466 1849 nominatum
483 1819 564 1857 volo]
585 1820 592 1834 ‘
609 1820 621 1849 I
637 1819 744 1849 would
759 1819 840 1849 have

222 1862 243 1891 it
269 1862 463 1891 understood
492 1862 559 1892 that
588 1862 600 1891 I
625 1860 743 1892 name'.
800 1862 844 1892 Cf

221 1904 275 1934 div
291 1904 322 1934 in
341 1904 516 1934 Caecilium
534 1905 548 1941 ἓ
567 1915 599 1934 21
628 1905 763 1944 dqscnsos
785 1915 844 1935 csse

222 1947 358 1984 malunt,
380 1947 516 1986 Madvig
533 1946 593 1987 396
609 1947 667 1977 obs
685 1956 711 1976 2.

261 1989 386 2028 etenim]
395 2003 422 2014 z
431 1991 480 2019 καὶ
493 1989 565 2027 γάρ.

262 2036 364 2071 aperte
378 2032 564 2071 palamque]
592 2031 641 2061 ‘in
660 2031 735 2062 such
753 2032 841 2071 plain

220 2079 318 2104 terms
342 2075 404 2104 and
432 2085 468 2104 so
495 2074 667 2114 publicly'.
714 2074 758 2104 Cf
783 2085 842 2114 pro

222 2117 280 2146 Mil
319 2119 334 2155 ξ
367 2126 404 2155 ‘25
435 2117 547 2157 palam
578 2127 668 2155 agere
696 2117 788 2156 (cupit
816 2121 843 2146 ct

219 2163 323 2199 aperte
335 2160 432 2189 dicere
445 2159 643 2189 occidendum
660 2159 822 2189 Allilom‘m.

262 2202 420 2232 amicitiae
434 2202 568 2240 nostrae]
592 2202 689 2231 Curio
706 2202 840 2231 remain-

221 2245 259 2274 ed
284 2255 325 2274 on
348 2245 433 2284 good
458 2250 555 2274 terms
574 2244 650 2273 wilh
669 2244 782 2274 Cicero
799 2244 839 2274 all

221 2286 270 2316 his
284 2287 345 2323 life,
361 2287 394 2317 cs
405 2287 443 2316 ad
463 2287 544 2316 Atti
565 2286 600 2316 16
616 2288 632 2324 ξ
649 2296 693 2325 13,
710 2286 840 2326 Philipp

223 2331 349 2367 1151‘2,
369 2330 406 2359 ad
426 2329 488 2359 sam
509 2337 534 2358 11
555 2339 578 2359 2.

263 2372 426 2411 a'1g2711'l11l115
443 2372 542 2410 illius]
567 2382 599 2401 as
623 2382 641 2401 a
663 2371 840 2401 consularis

1150 909 1374 956 renuntio,
1407 910 1530 960 inquit

1424 976 1528 1024 quod

909 1053 982 1082 who
1010 1052 1072 1082 had
1100 1053 1250 1084 obtained
1279 1065 1297 1084 a
1324 1054 1528 1086 well-earned

908 1095 1049 1135 triumph
1068 1095 1111 1132 (in
1132 1097 1278 1126 Pisonem
1295 1098 1310 1134 ξ
1327 1099 1380 1136 44)
1398 1097 1446 1128 sor
1460 1109 1528 1128 suc-

908 1148 1010 1168 cesses
1026 1138 1057 1168 in
1076 1139 1210 1169 Thrace.

954 1190 1000 1220 19.
1045 1181 1091 1210 ad
1114 1181 1216 1220 durum
1234 1181 1393 1221 fhrnicem
1414 1183 1527 1213 Fabia-

907 1223 1001 1260 num]
1023 1222 1102 1262 ‘just
1129 1224 1169 1262 by
1192 1224 1246 1254 the
1275 1225 1398 1254 Fabian
1420 1225 1494 1255 arch
1506 1225 1524 1261 ’‚

907 1276 947 1295 an
972 1265 1047 1295 arch
1075 1266 1105 1295 in
1131 1266 1183 1296 the
1202 1267 1262 1297 Via
1278 1278 1366 1297 sacra
1384 1278 1460 1297 near
1475 1268 1529 1298 the

911 1308 1026 1344 sorum,
1051 1308 1130 1338 built
1156 1309 1198 1348 by
1223 1309 1252 1348 Q
1277 1310 1395 1340 Fabius
1425 1311 1528 1340 Maxi-

909 1361 979 1381 mus
994 1350 1222 1390 Allobrogicus
1240 1354 1306 1389 (cos
1318 1359 1364 1382 BC
1380 1362 1412 1382 12
1423 1352 1459 1393 ι).
1488 1353 1532 1383 Cf

908 1403 927 1423 a
949 1393 1027 1433 joke
1054 1393 1090 1424 os
1111 1394 1244 1424 Crassus
1274 1395 1305 1424 in
1329 1395 1370 1425 de
1401 1401 1469 1425 orat
1499 1404 1524 1425 li

909 1435 1000 1473 §267
1024 1436 1217 1475 (Quintilian
1242 1444 1277 1466 Vl
1303 1446 1320 1475 3
1345 1436 1441 1475 567),
1469 1449 1527 1478 pro

910 1478 1009 1508 Plane
1027 1480 1042 1515 ἓ
1065 1488 1109 1517 17.

950 1521 1112 1551 victorium
1154 1521 1356 1560 gratulatur]
1409 1522 1525 1562 Zumpt

908 1564 1004 1593 omits
1028 1564 1193 1593 verreriam
1216 1574 1257 1593 on
1283 1564 1337 1594 the
1364 1565 1527 1605 authority

908 1605 945 1635 of
967 1607 1021 1637 the
1051 1612 1115 1636 two
1145 1606 1246 1636 Guels
1277 1614 1361 1636 Msst
1399 1607 1442 1637 all
1473 1608 1527 1638 the

907 1648 1014 1679 others
1035 1649 1117 1678 have
1136 1648 1167 1678 it.
1218 1648 1263 1678 Cf
1281 1649 1363 1678 milei
1380 1651 1526 1688 gratula-

905 1695 957 1720 tus
985 1702 1015 1722 es
1043 1691 1131 1721 illius
1159 1691 1223 1720 dsci
1254 1691 1454 1722 celebritatem
1485 1693 1526 1722 ad

907 1734 967 1763 Att
984 1742 1005 1763 V
1024 1736 1094 1771 20§
1116 1743 1140 1763 1.
1186 1733 1278 1763 vinco
1300 1733 1336 1763 os
1354 1745 1478 1765 success
1494 1735 1525 1765 in

906 1775 1066 1815 litigation
1104 1786 1163 1814 pro
1202 1776 1286 1806 Rosc
1319 1776 1401 1806 Com
1432 1779 1448 1814 ξ
1488 1787 1524 1816 53

905 1818 1024 1849 vicisset
1052 1819 1176 1855 iudicio,
1207 1819 1278 1848 Hor
1304 1825 1351 1849 sat
1382 1827 1393 1848 1
1423 1829 1439 1849 2
1469 1829 1525 1859 134

906 1861 1003 1891 Ezbz'o
1027 1862 1075 1891 vel
1100 1861 1200 1891 iudice
1220 1861 1366 1891 w‘ttcmn:
1389 1861 1526 1899 below§

906 1913 943 1941 41
964 1903 1175 1934 nocenlissimz'
1187 1903 1339 1934 victoriae.

943 1946 1134 1986 propinquis
1151 1946 1397 1986 Ju’ccssarit'szlue]
1423 1947 1430 1961 ‘
1439 1946 1458 1976 k
1464 1947 1471 1976 i
1477 1958 1524 1976 ns-

907 1998 979 2018 men
997 1989 1059 2018 and
1078 1987 1221 2019 sriends’.

949 2042 1020 2060 cum
1051 2031 1106 2061 hoc
1133 2030 1285 2068 consistit]
1322 2041 1393 2060 cum
1420 2031 1527 2070 aliquo

906 2075 1143 2103 cmzsisterezto
1159 2073 1253 2103 stand
1270 2073 1333 2102 and
1352 2073 1419 2103 talk
1436 2074 1522 2109 with,

908 2116 1001 2146 Plaut
1019 2116 1086 2146 Cist
1107 2124 1140 2145 iv
1160 2125 1174 2144 2
1194 2125 1243 2154 31,
1263 2116 1346 2145 Cure
1364 2123 1398 2144 ιν
1419 2126 1433 2145 2
1459 2116 1502 2146 16.

949 2159 1108 2196 renuntio]
1133 2158 1186 2188 the
1203 2158 1290 2187 word
1309 2157 1366 2187 has
1388 2168 1407 2187 a
1431 2169 1524 2197 pecu-

906 2200 965 2230 liar
989 2201 1195 2240 significance
1222 2200 1296 2230 here
1322 2210 1356 2230 as
1381 2200 1405 2231 it
1429 2202 1454 2230 is
1471 2202 1525 2231 the

907 2243 1032 2283 regular
1060 2251 1139 2273 term
1165 2243 1213 2272 sor
1239 2242 1439 2281 ‘declaring'
1472 2244 1525 2274 the

906 2286 1001 2316 result
1032 2285 1069 2315 of
1094 2296 1133 2315 an
1165 2285 1310 2315 electiou.
1365 2285 1409 2315 Cf
1437 2293 1461 2315 Π
1494 2287 1523 2316 in

906 2328 1038 2358 Verrem
1063 2336 1083 2356 v
1108 2329 1123 2365 ξ
1149 2330 1186 2366 38
1210 2338 1281 2357 cum
1306 2338 1379 2357 esses
1398 2333 1526 2367 praetor

906 2372 1120 2400 renuntiatus.
