1669 2531
157 55 195 91 V
218 51 282 100 17]
660 53 984 91 DIVINATIO
1432 65 1477 101 13

160 150 209 176 ne
242 138 282 176 in
314 136 500 187 opinione
528 136 687 187 quidem
715 136 942 186 cuiusquam
970 136 1158 186 relinquo,
1199 149 1262 175 me
1293 135 1475 175 omnibus

158 201 329 251 patronis
359 214 443 240 esse
471 201 743 252 praepositum.
801 213 882 238 non
902 199 956 238 ita
975 208 1043 247 est,
1065 201 1135 239 sed
1154 200 1268 238 unius
1288 199 1477 249 cuiusque

158 264 352 314 temporis,
374 264 619 312 valetudinis,
639 263 830 302 facultatis
849 263 900 302 ad
920 264 1114 313 agendum
1135 264 1253 302 ducta
1280 263 1377 302 ratio
1406 272 1473 302 est.

158 343 246 369 mea
263 330 335 369 fuit
355 343 506 380 semper
525 330 621 368 haec
641 329 679 366 in
702 330 775 366 hac
794 340 836 367 re
854 329 1033 367 voluntas
1054 336 1092 367 et
1112 328 1313 376 sententia,
1344 342 1477 378 quem-

159 393 214 432 vis
243 401 285 432 ut
313 395 389 432 hoc
417 395 573 432 mallem
594 394 642 431 de
663 392 719 439 iis,
737 392 805 442 qui
825 400 954 431 essent
980 392 1123 440 idonei,
1146 392 1338 442 suscipere
1359 405 1476 442 quam

159 471 233 506 me,
254 471 317 496 me
336 465 378 495 ut
397 458 552 496 mallem
573 469 689 506 quam
710 456 916 494 neminem.

241 533 273 572 5.
322 521 512 571 reliquum
532 528 590 559 est
612 520 688 558 iam
709 528 750 559 ut
774 521 869 559 illud
899 533 1137 570 quaeramus,
1165 534 1253 559 curn
1282 521 1359 560 hoc
1388 534 1477 559 con-
1495 524 1542 561 17

161 593 235 625 stet
264 586 412 625 Siculos
440 599 463 624 a
491 598 553 623 me
582 585 736 634 petisse,
763 584 903 634 ecquid
931 584 1032 622 hanc
1060 598 1141 623 rem
1169 585 1274 634 apud
1302 597 1372 624 vos
1400 585 1479 623 ani-

160 663 322 699 mosque
340 657 487 688 vestros
506 650 633 687 valere
658 656 846 699 oporteat,
868 649 1008 698 ecquid
1027 649 1264 688 auctoritatis
1284 650 1388 699 apud
1408 663 1477 688 vos

161 714 200 752 in
220 728 290 753 suo
311 714 391 752 iure
411 715 628 763 repetundo
657 714 752 752 socii
780 713 915 763 populi
935 714 1117 761 Romani,
1139 714 1331 764 supplices
1350 714 1477 760 vestri,

161 779 302 816 habere
336 779 517 816 debeant.

575 779 624 816 de
657 791 735 827 quo
768 778 861 827 quid
893 791 965 828 ego
1003 779 1114 828 plura
1146 780 1480 817 commemorem?

162 843 271 891 quasi
291 855 382 880 vero
403 842 564 880 dubium
592 842 639 881 sit
665 843 759 892 quin
784 850 866 881 tota
894 844 956 881 lex
985 843 1034 881 de
1062 843 1236 892 pecuniis
1256 842 1479 892 repetundis

160 947 176 984 ἓ
194 945 244 983 26,
264 956 325 986 pro
349 945 484 976 Plancio
509 947 525 983 ξ
547 955 582 984 71
602 945 712 986 posuit
733 945 789 975 lzoc

159 989 239 1019 idem
261 988 449 1024 Laterensis,
474 989 515 1018 ad
540 989 605 1019 fam
636 996 648 1019 1
671 998 689 1029 9
714 989 782 1026 ἔτι

161 1036 197 1062 ut
205 1032 320 1071 paullo
335 1031 520 1071 anteposui.
636 1030 639 1032 ’

202 1074 361 1112 omnibus]
389 1075 442 1104 ‘to
459 1074 502 1104 all
519 1073 573 1104 the
589 1078 652 1104 rest
676 1073 712 1104 os
731 1073 785 1104 the

153 1117 291 1157 patroni
311 1117 360 1155 (of
381 1115 516 1156 Sicily)'.
561 1117 622 1147 See
645 1122 722 1147 note
743 1127 786 1147 on

160 1161 176 1198 §
192 1159 229 1190 61
249 1160 313 1190 and
329 1170 480 1199 compare
503 1160 543 1190 de
559 1164 614 1190 nat
631 1159 709 1190 deor
725 1167 752 1189 11
769 1159 785 1196 ἓ

164 1204 222 1242 138
237 1213 275 1232 ex
289 1203 340 1232 ln's
354 1203 505 1242 partibus
526 1207 555 1232 et
575 1203 709 1241 sangnis
725 1208 788 1242 per

159 1255 256 1275 venas
279 1245 314 1275 in
341 1255 432 1275 omne
456 1250 568 1284 corpus
589 1245 789 1284 diffitnditnr

159 1292 186 1318 et
199 1288 331 1328 spiritns
338 1293 400 1327 per
407 1289 554 1324 arterias,
567 1288 640 1317 Phil
655 1296 681 1318 11
696 1287 774 1327 §64.

201 1330 360 1370 temporis]
382 1340 433 1360 see
449 1340 492 1360 on
507 1332 524 1368 ἓ
541 1339 570 1369 5.
595 1331 667 1360 The
685 1331 785 1361 Scho-

159 1373 232 1404 liast
246 1373 323 1403 here
338 1373 482 1404 remarks
507 1373 676 1413 ‘tensporis‚
698 1374 784 1403 Mar-

160 1416 232 1446 celli
258 1416 430 1446 iudicantis
454 1421 549 1446 tunc:
579 1417 784 1453 valetudim's,

160 1458 352 1496 Marcellini,
381 1459 469 1499 quod.
499 1463 566 1489 erat
592 1464 669 1489 tunc
699 1459 784 1489 infir-

160 1502 242 1532 mior
263 1501 450 1532 valetudine
469 1503 626 1541 corporis:
639 1502 785 1542 faculta-

159 1545 209 1580 tis,
236 1544 365 1574 alterius
397 1545 546 1575 Marcelli
575 1544 652 1575 iuris
682 1545 785 1585 magis

160 1587 294 1618 studiosi
318 1597 415 1627 quam
431 1587 634 1628 eloquentiae
645 1585 663 1617 '.
697 1588 786 1618 How

160 1630 207 1660 far
222 1630 285 1660 this
300 1629 507 1660 information
520 1630 546 1660 is
556 1635 590 1660 to
606 1631 647 1660 be
663 1631 786 1661 trusted

160 1683 195 1703 as
211 1677 244 1703 to
261 1672 316 1703 the
332 1677 396 1703 two
412 1672 473 1703 last
489 1673 505 1703 I
521 1672 620 1703 know
635 1678 701 1703 not.

203 1715 250 1745 ad
264 1715 436 1753 agendum]
460 1715 595 1746 Richter
618 1726 786 1756 compares

162 1766 189 1788 11
212 1758 245 1788 in
261 1757 396 1788 Verrem
412 1765 435 1788 v
451 1759 467 1796 ἕ
483 1758 524 1798 89
546 1759 657 1799 aliqua
679 1764 786 1789 tamen

159 1801 206 1830 ad
217 1800 423 1830 resistendum
439 1801 520 1831 ratio
525 1801 651 1841 fm'sset.
695 1802 785 1832 Here

160 1843 312 1874 however
350 1843 432 1873 ratio
448 1856 476 1868 =
499 1843 670 1875 ‘account'
715 1844 786 1884 (has

160 1886 244 1916 been
268 1885 392 1923 taken).

203 1928 374 1966 neminem]
399 1928 559 1959 Caecilius
575 1928 601 1959 is
617 1929 655 1960 of
673 1940 785 1960 course

161 1976 279 2002 meant.
337 1971 499 2012 Compare
522 1973 538 2009 ἓ
562 1980 602 2010 47
631 1972 719 2002 nillil
746 1976 790 2003 est

162 2014 361 2054 m'lcilpotest.

203 2067 232 2087 v.
268 2065 318 2094 17.
349 2067 406 2086 suo
430 2056 500 2086 iure
523 2057 703 2096 repetundo]
737 2057 787 2088 for

161 2099 279 2130 Verres
294 2099 359 2129 had
375 2099 473 2129 taken
489 2098 571 2129 from
588 2099 676 2130 them
696 2110 786 2131 more

161 2142 240 2172 than
266 2142 342 2182 they
357 2152 442 2172 were
469 2142 588 2182 legally
613 2142 724 2172 bound
752 2148 786 2173 to

161 2184 304 2226 provide.
356 2184 418 2215 See
448 2194 491 2214 on
521 2185 536 2221 ξ
570 2193 616 2225 19.
673 2185 785 2216 Halm.

162 2227 295 2258 Richter
309 2237 477 2267 compares
493 2237 551 2268 pro
576 2227 717 2257 Caecina
733 2229 750 2265 ἓ
767 2237 786 2268 9

160 2271 190 2300 si
209 2270 276 2300 alia
300 2269 423 2299 ratione
446 2270 498 2300 ius
527 2275 673 2300 nostrum
701 2281 786 2301 recu-

156 2317 272 2353 perare
278 2317 451 2353 possemus.

892 945 1056 985 supplices]
1078 945 1157 975 used
1177 955 1211 975 as
1228 956 1247 975 a
1263 945 1472 977 substantive.

852 998 888 1019 so
918 996 929 1018 1
955 989 988 1018 in
1011 988 1146 1018 Verrem
1172 989 1189 1026 ἓ
1217 997 1255 1028 53
1282 993 1375 1019 antea
1405 989 1481 1019 socii

852 1036 946 1071 alque
969 1030 1066 1061 amici
1078 1031 1194 1071 populi
1212 1032 1364 1067 Romani,
1391 1043 1480 1062 mmc

851 1074 936 1104 servi
959 1084 996 1103 ac
1020 1074 1180 1113 supplices,
1204 1084 1263 1114 pro
1288 1075 1439 1106 Cluentio
1462 1077 1479 1113 ἓ

853 1126 925 1153 200,
943 1127 1002 1157 pro
1019 1117 1095 1146 Mur
1110 1118 1126 1154 ἓ
1142 1115 1192 1147 86.

896 1160 989 1199 quasi
1011 1159 1094 1198 vero]
1117 1169 1153 1190 so
1177 1159 1218 1190 de
1245 1159 1294 1190 off
1309 1167 1353 1190 111
1380 1161 1396 1198 ξ
1424 1170 1474 1202 39,

853 1212 913 1243 pro
931 1202 1006 1232 Mur
1021 1203 1037 1239 ξ
1055 1211 1105 1240 35,
1125 1210 1173 1241 75,
1193 1207 1252 1233 ete.

896 1249 959 1275 tota
979 1245 1042 1283 lex]
1073 1245 1197 1285 though
1220 1245 1243 1275 it
1267 1245 1293 1276 is
1316 1250 1386 1277 true
1408 1246 1479 1277 that

855 1287 984 1318 Roman
1009 1287 1138 1318 citizens
1164 1288 1259 1318 could
1284 1288 1352 1319 also
1383 1289 1480 1320 make

853 1340 909 1360 use
926 1330 962 1360 of
974 1330 1028 1360 the
1045 1330 1115 1367 law,
1138 1331 1311 1371 especially
1321 1332 1408 1363 since
1424 1333 1479 1363 the

853 1374 904 1403 lex
919 1373 1056 1403 Servilia
1072 1373 1109 1405 of
1124 1372 1181 1403 106
1199 1384 1235 1404 or
1260 1383 1318 1412 105
1343 1382 1390 1405 BC
1414 1375 1480 1405 had

854 1415 1014 1446 extended
1030 1416 1086 1446 the
1101 1417 1268 1456 operation
1285 1417 1322 1447 of
1336 1417 1390 1448 the
1405 1428 1477 1458 pro-

853 1459 1014 1489 secutions
1039 1459 1287 1499 ripetztndarmn
1315 1470 1350 1490 so
1381 1471 1415 1491 as
1445 1466 1478 1491 to

853 1501 954 1542 apply
969 1507 1002 1532 to
1027 1501 1071 1532 all
1095 1502 1297 1542 magistrates
1321 1503 1386 1533 and
1410 1504 1479 1534 also

853 1549 887 1574 to
914 1544 1020 1584 jurors
1047 1544 1096 1575 for
1122 1550 1251 1585 corrupt
1277 1546 1478 1577 administra-

853 1587 923 1617 tion
939 1587 975 1618 of
991 1587 1124 1627 justice;
1148 1588 1213 1618 still
1230 1588 1345 1619 Cicero
1362 1589 1388 1619 is
1403 1589 1479 1620 here

853 1630 930 1670 only
946 1630 1097 1671 thinking
1113 1630 1149 1661 of
1160 1630 1214 1661 the
1230 1631 1317 1661 main
1334 1637 1480 1663 contents

854 1672 891 1703 of
924 1673 978 1703 the
1010 1673 1081 1710 law,
1115 1673 1222 1704 which
1259 1674 1480 1715 indisputably

854 1716 1033 1746 concerned
1060 1716 1115 1746 the
1137 1716 1213 1746 socii
1237 1716 1269 1746 in
1294 1717 1478 1757 particular.

855 1758 1028 1789 Moreover
1049 1759 1167 1789 almost
1189 1758 1233 1789 all
1257 1759 1311 1790 the
1328 1760 1415 1791 trials
1431 1761 1481 1791 sor

853 1802 1041 1840 npetznzdae
1061 1801 1099 1832 of
1116 1801 1223 1832 which
1245 1812 1294 1833 we
1317 1802 1416 1833 know
1432 1814 1479 1834 re-

852 1843 917 1874 late
934 1848 967 1874 to
983 1844 1159 1875 extortions
1174 1844 1207 1874 in
1222 1844 1277 1875 the
1299 1846 1477 1885 provinces.

855 1886 1019 1927 Compare
1039 1895 1066 1917 11
1093 1887 1127 1917 in
1143 1887 1277 1918 Verrem
1294 1896 1321 1918 ΙΙ
1343 1890 1359 1926 ξ
1387 1899 1421 1927 15
1446 1894 1481 1920 at

852 1939 889 1959 etz
894 1929 937 1959 im
949 1930 1044 1959 istum
1056 1930 1083 1960 S
1082 1930 1160 1960 iculi
1168 1930 1228 1960 soli
1230 1935 1478 1970 persequuntur,

854 1972 932 2002 cives
946 1973 1098 2009 Romani,
1118 1973 1175 2013 qui
1195 1973 1231 2003 in
1255 1974 1366 2004 Sicilia
1390 1985 1477 2015 nego-

853 2015 990 2052 tiantur,
1010 2016 1183 2055 defendunt
1196 2016 1337 2056 diligunt
1350 2018 1478 2047 salvum

853 2067 912 2087 esse
926 2058 1067 2098 cupiunt.
1099 2058 1260 2098 primum,
1279 2059 1310 2089 si
1328 2059 1373 2089 ita
1394 2064 1474 2097 esset,

853 2104 959 2130 tamen
988 2111 1042 2130 vos
1071 2101 1108 2131 in
1145 2101 1205 2131 lzac
1232 2102 1410 2142 quaestione
1443 2103 1481 2133 de

845 2143 994 2182 pecuniis
1015 2144 1202 2183 repetundis,
1223 2155 1303 2184 quae
1322 2145 1478 2175 sociorum

852 2196 948 2215 causa
971 2187 1139 2216 constituta
1161 2191 1204 2217 est
1224 2187 1285 2226 lege
1305 2186 1480 2228 indicioque

852 2228 967 2265 sociali,
977 2229 1131 2259 sociorum
1143 2230 1358 2269 querimonias
1366 2231 1480 2261 andire

851 2275 1008 2310 oporteret.
1058 2271 1170 2303 Halm.
1213 2271 1291 2311 [See
1328 2271 1478 2304 however

852 2314 1030 2354 Appendix
1048 2314 1114 2353 C.]·
