1669 2531
208 153 256 190 70
644 147 723 184 IN
756 147 790 184 C
832 147 1086 184 VERREM
1433 143 1466 197 [Ι
1494 158 1512 182 2

205 229 442 269 inflammare
480 239 677 280 conentur,
717 245 803 277 reus
842 232 882 270 in
925 232 1110 270 iudicium
1149 232 1339 269 adductus
1378 238 1436 268 est
1480 232 1512 269 C

204 295 355 341 Verres,
376 296 495 333 homo
514 295 614 341 vital
634 303 749 345 atque
769 296 878 334 factis
908 296 1081 333 omniurn
1110 294 1186 332 iam
1207 294 1389 343 opinione
1410 295 1515 332 dam-

204 365 328 405 natus,
350 359 538 407 pecuniae
557 360 822 409 magnitudine
843 373 911 397 sua
936 372 1003 408 spe
1033 367 1071 397 et
1098 357 1385 408 praedicatione
1405 359 1515 396 abso-

205 421 316 458 lutus.
375 421 466 463 huic
491 434 562 471 ego
588 434 737 468 causae,
768 421 926 468 iudices,
957 434 1044 458 cum
1074 434 1226 458 summa
1252 422 1450 458 voluntate
1476 428 1514 458 et

205 483 493 532 exspectatione
512 484 646 533 populi
667 485 835 522 Romani
863 492 970 529 actor
997 483 1151 530 accessi,
1174 497 1253 521 non
1272 490 1314 521 ut
1333 496 1514 532 augerem

205 544 388 583 invidiam
420 547 574 593 ordinis,
607 548 675 585 sed
708 555 751 585 ut
787 547 967 585 infamiae
1005 547 1204 585 communi
1241 560 1510 585 succurrerem.

204 610 345 647 adduxi
376 610 479 648 enim
511 611 710 649 hominem
742 612 781 648 in
811 625 888 660 quo
916 611 1161 649 reconciliare
1191 596 1526 648 existimationem‘

204 673 432 712 iudiciorum
451 675 642 723 amissam,
665 676 788 714 redire
808 676 847 713 in
866 677 1025 725 gratiam
1047 689 1135 713 cum
1151 677 1297 724 populo
1318 677 1511 721 Romano,

205 741 296 778 satis
326 742 450 779 facere
482 743 617 780 exteris
647 743 867 781 nationibus
897 743 1072 792 possetiS‚
1108 743 1422 791 depeculatorem
1455 755 1515 780 ae-

204 805 301 853 rarii,
322 814 544 844 vexatorem
571 807 686 844 Asiae
716 814 834 856 atque
869 798 1129 855 Pamphyliae,
1158 807 1392 855 praedonem
1425 805 1514 843 iuris

166 872 189 910 3
206 870 352 917 urbani,
381 872 509 909 labem
539 879 655 921 atque
683 871 890 921 perniciem
918 871 1333 921 provinciaesSiciliae.
1391 884 1425 919 3.
1465 872 1514 909 de

207 947 284 983 quo
315 934 346 971 si
374 948 443 972 vos
482 947 611 972 severe
648 948 694 972 ac
730 934 906 984 religiose
942 934 1198 972 iudicaveritis
1236 934 1442 972 auctoritas
1470 947 1516 972 ea

206 1010 305 1046 quae
334 998 370 1034 in
392 997 503 1035 vobis
533 1010 731 1035 remanere
758 999 875 1036 debet
900 997 1097 1036 haerebit:
1127 998 1183 1035 sin
1211 997 1319 1035 istius
1339 997 1515 1046 ingentes

206 1059 360 1098 divitiae
381 1060 609 1098 iudiciorum
630 1061 854 1110 religionem
873 1061 1150 1110 veritatemque
1170 1060 1429 1109 perfregerint,
1443 1072 1515 1109 ego

204 1124 279 1161 hoc
299 1131 429 1161 tamen
449 1125 650 1173 adsequar,
673 1132 715 1163 ut
741 1124 925 1162 iudicium
954 1113 1083 1175 potius
1111 1124 1165 1163 rei
1192 1124 1371 1174 publicae
1401 1137 1515 1173 quam

204 1194 271 1224 aut
290 1200 375 1225 reus
395 1187 585 1226 iudicibus
605 1195 670 1226 aut
690 1196 891 1226 accusator
909 1202 975 1227 reo
995 1188 1160 1228 defuisse
1179 1188 1386 1245 videatur7
1408 1194 1437 1215 ’δ

286 1253 340 1289 ΙΙ.
399 1251 579 1300 equidem
610 1259 652 1289 ut
683 1253 732 1290 de
761 1265 824 1290 me
850 1253 1044 1300 confitear,
1073 1252 1229 1298 iudices,
1257 1265 1346 1289 curn
1372 1253 1516 1290 multae

205 1315 299 1353 mihi
329 1329 353 1353 a
383 1317 414 1354 C
447 1317 568 1354 Verre
599 1316 761 1354 insidiae
792 1324 890 1354 terra
926 1316 1099 1366 marique
1135 1318 1258 1355 factae
1296 1316 1381 1362 sint,
1422 1329 1516 1365 quas

205 1379 344 1429 partim
363 1392 450 1417 mea
470 1378 668 1428 diligentia
687 1379 886 1418 devitarim
901 1379 1040 1428 partim
1059 1378 1270 1418 amicorum
1291 1379 1417 1418 studio
1438 1380 1516 1418 offi-

247 1499 298 1534 spe
312 1498 340 1524 et
346 1493 571 1533 predicatione]
599 1494 606 1508 ‘
616 1505 651 1524 as
666 1494 707 1524 he
723 1493 826 1535 hopes

207 1537 270 1568 and
286 1535 487 1577 proclaims’.

249 1579 425 1617 communi]
457 1579 489 1609 in
516 1579 624 1609 which
654 1579 735 1610 both
765 1589 828 1619 you

208 1622 274 1652 and
290 1622 305 1651 Ι
323 1632 376 1651 are
396 1621 558 1652 involved.

249 1664 459 1702 reconciliare]
481 1665 488 1678 ‘
496 1664 629 1694 retrieve
636 1662 643 1676 '
649 1686 656 1693 .

250 1706 504 1746 depeculatorem]
521 1708 687 1746 peculatus
691 1707 829 1748 sltrtum

896 1494 983 1524 what
1014 1498 1260 1533 contemptuous
1290 1504 1363 1533 way
1391 1497 1426 1523 to
1460 1493 1516 1524 the

894 1537 1042 1567 accused.
1092 1536 1153 1568 See
1170 1536 1305 1576 Madvig
1320 1538 1336 1573 ἓ
1353 1534 1425 1574 486.

937 1579 1170 1619 veritatemque]
1237 1578 1428 1619 apparently
1470 1578 1514 1608 all

895 1622 950 1652 the
973 1629 1037 1652 MSS
1072 1622 1147 1652 read
1169 1621 1341 1651 veritatem.
1398 1621 1513 1651 Manu-

896 1665 959 1694 tius
977 1664 1181 1704 conjectured
1203 1664 1394 1694 severitatem
1410 1663 1515 1693 which

897 1707 1016 1748 Zumpt
1056 1707 1182 1747 adopts,
1224 1706 1409 1745 remarking
1446 1705 1515 1736 that

206 1749 378 1790 publicum,
400 1749 513 1780 Festus
531 1760 561 1789 p.
583 1759 654 1779 212.

251 1792 349 1822 Asiae
379 1797 471 1832 alque
507 1792 732 1831 Rzmplzyll'ae]
775 1792 830 1822 the

208 1835 361 1875 province
378 1834 414 1864 of
430 1834 509 1864 Asia
525 1835 705 1875 comprised
724 1835 831 1874 Mysia

210 1877 314 1917 Lydia
329 1877 393 1906 and
411 1877 518 1911 Caria⁷
532 1882 604 1917 part
621 1877 656 1907 of
670 1878 723 1907 the
737 1877 829 1916 king-

209 1920 286 1950 dom
309 1919 346 1949 of
373 1920 546 1958 Pergamus
570 1919 774 1960 bequeathed
798 1920 831 1950 in

211 1970 230 1992 Β
242 1970 261 1992 C
283 1971 341 2001 130
356 1961 399 2001 by
416 1962 547 1992 Attalus
564 1967 597 1992 to
622 1962 676 1992 the
701 1962 831 1993 Roman

208 2005 339 2045 people.
388 2005 579 2044 Pamphylia
595 2005 673 2034 with
692 2005 831 2045 Phrygia

210 2047 275 2077 and
306 2047 428 2077 Pisidia
450 2058 515 2077 was
539 2047 690 2077 included
720 2048 751 2077 in
775 2048 830 2078 the

210 2091 363 2130 province
379 2089 416 2119 of
430 2089 543 2120 Cilicia
561 2090 614 2127 (de
628 2090 716 2119 divin
732 2098 741 2120 Ι
756 2091 771 2127 ξ
787 2090 826 2123 zl.

211 2132 327 2163 Cilicia
351 2142 470 2172 proper
492 2142 557 2162 was
581 2132 657 2172 only
680 2133 831 2173 partially

211 2175 366 2215 occupied
382 2180 414 2204 at
431 2175 493 2205 this
510 2174 595 2205 time.

246 2218 439 2257 praedonem
455 2217 537 2247 iuris
550 2216 685 2255 urbani]
714 2217 831 2248 Verres

211 2260 277 2290 had
300 2260 383 2289 been
400 2264 533 2300 praetor
554 2260 699 2289 urbanus
721 2260 753 2290 in
778 2267 797 2289 Β
811 2268 831 2290 C

215 2311 262 2341 74.
310 2302 506 2332 Praedonem
531 2302 618 2342 παρὰ
642 2304 834 2341 προσδοκίαν

212 2345 261 2375 sor
271 2349 457 2384 praetorem.
506 2344 566 2375 See
583 2346 598 2382 ἓ
619 2355 666 2374 12.

256 2397 282 2427 3.
317 2387 420 2426 istius]
457 2387 589 2428 applied
612 2387 645 2417 in
676 2397 695 2418 a
729 2397 831 2418 some·

895 1750 1012 1779 veritas
1035 1749 1225 1779 iudiciorum
1249 1749 1275 1779 is
1298 1759 1317 1779 a
1339 1749 1454 1789 phrase
1481 1748 1519 1778 of

896 1802 973 1832 very
995 1791 1143 1822 doubtful
1166 1791 1338 1832 authority,
1358 1791 1423 1821 and
1446 1790 1515 1821 that

895 1835 924 1865 si
956 1845 1009 1865 vas
1034 1845 1134 1865 severe
1162 1834 1375 1864 iudicaveritis
1404 1843 1515 1864 occurs

893 1877 959 1917 just
975 1877 1093 1908 before.
1140 1876 1203 1907 But
1219 1886 1270 1907 see
1288 1884 1314 1906 11
1330 1876 1363 1906 in
1379 1876 1515 1906 Verrem

898 1927 940 1949 111
977 1921 993 1958 ἓ
1033 1918 1102 1957 162,
1136 1919 1244 1949 where
1281 1919 1325 1949 all
1360 1918 1415 1949 the
1449 1926 1514 1949 MSS

898 1962 993 2002 again
1030 1962 1113 1992 have
1155 1962 1285 1992 veritate
1323 1961 1514 1991 iudiciomtm

897 2005 1004 2035 which
1020 2005 1139 2045 Zumpt
1155 2004 1265 2044 keepS‚
1286 2004 1350 2033 and
1367 2011 1404 2033 IV
1419 2004 1435 2040 ἓ
1457 2013 1513 2041 113

896 2047 1084 2078 existimatio
1116 2047 1290 2086 veritasque
1324 2046 1515 2076 iudiciorum

900 2090 1031 2131 (Zumpt
1070 2089 1135 2120 and
1173 2088 1287 2129 Halm)
1307 2100 1314 2119 :
1351 2088 1419 2118 also
1455 2098 1515 2129 pro

898 2133 985 2162 Rosc
1015 2132 1150 2162 Amerin
1183 2133 1199 2169 ἓ
1223 2132 1263 2170 84
1284 2131 1469 2160 verissimus
1488 2135 1517 2161 et

896 2175 1145 2215 sapientissimus
1160 2174 1253 2204 iudex
1269 2173 1411 2212 (Halm).
1463 2173 1514 2203 Ve-

897 2218 1025 2247 ritatem
1039 2231 1066 2242 =
1081 2217 1245 2254 rectitude,
1295 2216 1511 2257 uprightness,

897 2260 931 2290 cf
944 2270 1002 2300 pro
1016 2259 1137 2299 Quinct
1152 2261 1168 2297 ἓ
1190 2268 1235 2290 10.

940 2304 973 2332 ii.
1017 2302 1104 2340 cum]
1138 2300 1336 2341 ‘although'.
1378 2300 1516 2341 Madvig

897 2345 912 2382 ἓ
931 2345 989 2384 358
1007 2345 1066 2375 obs
1083 2355 1110 2384 3.

939 2387 1084 2426 insidiae]
1101 2386 1134 2418 cf
1143 2394 1171 2417 11
1187 2386 1221 2416 in
1233 2386 1369 2417 Verrem
1385 2393 1413 2416 11
1427 2386 1444 2424 ἓ
1460 2395 1509 2427 99.
