1669 2531
233 123 304 149 102
669 111 748 148 IN
779 111 815 148 C
857 110 1111 148 VERREM
1376 107 1466 162 [XV
1485 119 1533 160 45

231 195 444 246 exspectari
478 196 692 243 videbatur,
731 194 901 234 ostendit
939 207 980 233 se
1017 192 1264 232 tribuniciam
1299 199 1533 243 potestatem

231 260 506 307 restituturum,
528 260 651 297 factus
688 265 747 297 est
766 258 806 296 in
845 271 891 296 eo
923 257 1101 306 strepitus
1132 263 1171 295 et
1201 263 1310 306 grata
1344 255 1537 295 contionis

232 322 544 360 admurmuratio.
602 321 706 359 idem
744 321 784 359 in
827 322 965 359 eadem
1002 319 1184 358 contione
1225 333 1313 357 cum
1357 319 1536 358 dixisset:

231 387 435 435 populatas
460 392 694 434 vexatasque
720 397 803 423 esse
829 384 1056 434 provincias,
1086 383 1229 422 iudicia
1256 390 1386 421 autem
1414 383 1538 432 turpia

231 463 278 487 ac
310 449 498 498 flagitiosa
526 449 632 487 fieri:
662 448 698 487 ei
729 448 783 486 rei
816 461 856 486 se
884 448 1086 497 providere
1114 461 1161 486 ac
1189 448 1389 486 consulere
1416 449 1538 486 velle:

232 521 315 551 tum
342 526 434 551 vero
462 525 543 550 non
567 512 736 562 strepitu,
760 513 827 550 sed
856 511 1025 550 maximo
1052 513 1219 550 clamore
1242 525 1351 550 suam
1373 512 1538 561 populus

163 574 213 611 46
234 577 437 614 Romanus
458 575 682 625 significavit
700 576 991 638 voluntatem*
1008 577 1119 612 XVI.
1177 577 1241 622 46.
1275 587 1379 612 nunc
1408 581 1538 612 autem

232 639 410 678 homines
443 639 483 677 in
513 639 677 689 speculis
708 646 807 686 sunt,
841 640 1047 677 observant
1085 640 1418 688 quemadmodum
1456 652 1540 677 sese

232 714 332 739 unus
362 701 525 751 quisque
553 709 723 740 vestrum
745 709 851 751 gerat
878 701 918 739 in
945 702 1149 741 retinenda
1176 703 1361 753 religione
1389 715 1540 741 conser-

233 766 447 815 vandisque
475 766 633 815 legibus.
691 765 825 804 vident
861 766 988 803 adhuc
1020 774 1109 815 post
1141 768 1265 816 legem
1295 766 1540 805 tribuniciam

233 843 354 868 unum
392 838 609 868 senatorem
640 831 702 868 vel
734 829 1001 868 tenuissimum
1029 843 1113 868 esse
1146 832 1395 869 damnatum:
1433 831 1540 880 quod

233 895 386 934 tametsi
405 909 485 933 non
499 895 795 945 reprehendunt,
813 901 945 932 tamen
960 907 1101 944 magno
1117 908 1234 944 opere
1254 896 1359 944 quod
1379 896 1540 933 laudent

233 973 314 997 non
342 960 497 997 habent.
566 960 671 996 nulla
700 965 757 996 est
785 957 888 996 enim
925 959 1008 996 laus
1039 958 1093 996 ibi
1123 972 1206 997 esse
1236 958 1437 1008 integrum,
1471 957 1540 996 ubi

167 1023 215 1060 47
234 1035 351 1060 nemo
372 1030 429 1060 est
450 1022 516 1071 qui
539 1028 606 1059 aut
627 1021 750 1070 possit
779 1028 844 1059 aut
875 1029 1036 1059 conetur
1059 1034 1313 1071 corrumpere.
1373 1033 1432 1069 47.
1463 1021 1540 1058 hoc

235 1093 293 1125 est
312 1086 508 1133 iudicium,
530 1086 569 1123 in
590 1098 668 1134 quo
687 1097 756 1123 vos
776 1085 825 1122 de
849 1097 926 1132 reo,
947 1086 1115 1134 populus
1136 1087 1341 1123 Romanus
1361 1085 1410 1123 de
1428 1084 1539 1122 vobis

236 1204 272 1235 of
284 1205 338 1235 the
354 1204 404 1234 lex
417 1203 549 1234 annalis
564 1208 620 1234 not
635 1208 689 1244 yet
705 1204 857 1245 qualified

235 1247 285 1278 for
310 1248 364 1278 the
391 1247 568 1287 aedileship
594 1248 691 1278 much
717 1248 778 1278 less
803 1248 857 1278 the

237 1290 432 1330 consulship,
452 1300 517 1320 was
530 1289 573 1329 by
583 1299 601 1319 a
612 1290 731 1330 special
743 1290 857 1320 decree

236 1332 274 1363 of
299 1333 353 1363 the
385 1332 503 1363 Senate
529 1332 672 1363 released
695 1332 777 1362 from
806 1332 856 1363 his

236 1375 322 1415 legal
360 1375 524 1415 disability
554 1375 617 1404 and
648 1375 785 1405 enabled
823 1380 856 1405 to

236 1418 330 1448 stand
357 1417 406 1448 for
429 1417 484 1447 the
512 1417 707 1458 consulship.
754 1417 798 1448 Cf
816 1418 857 1447 de

236 1460 304 1501 imp
335 1460 386 1491 Cn
416 1460 520 1500 Pomp
556 1460 572 1497 ἓ
603 1458 642 1490 62
673 1460 753 1500 quid
790 1464 856 1489 tam

235 1503 400 1543 singulare
440 1512 537 1542 quam
575 1506 612 1532 ul
650 1513 688 1532 ex
731 1506 857 1533 senatus

236 1546 375 1575 consulto
423 1545 538 1585 legibus
582 1545 703 1575 solutus
749 1544 860 1574 consul

236 1592 311 1618 ante
339 1587 432 1628 fieret
471 1597 569 1628 quam
611 1588 716 1617 ullum
753 1587 856 1617 alium

237 1634 461 1670 magestratnm
489 1634 550 1669 per
582 1630 657 1670 leges
685 1634 792 1669 capere
819 1629 857 1659 li-

236 1673 346 1703 cuisset
369 1672 415 1710 (cf
438 1672 581 1702 Velleius
603 1680 630 1702 II
650 1672 700 1711 30)
724 1672 857 1702 whence

237 1715 262 1745 it
288 1725 424 1755 appears
454 1714 522 1745 that
553 1714 607 1744 the
634 1714 857 1755 quaestorship

236 1767 304 1788 was
319 1762 375 1788 not
391 1757 553 1787 reckoned
568 1767 602 1787 as
618 1768 637 1787 a
653 1757 859 1796 magistratus

239 1810 273 1831 as
296 1800 394 1839 being
420 1808 456 1839 35
481 1799 522 1830 he
546 1810 612 1830 was
633 1799 784 1840 qualified
809 1799 859 1829 sor

238 1843 308 1873 that
324 1842 414 1873 office
431 1841 498 1879 (the
514 1842 597 1882 legal
614 1852 672 1882 age
688 1842 737 1872 for
752 1842 858 1872 which

237 1895 303 1915 was
326 1884 485 1925 probably
505 1892 555 1923 27,
574 1889 608 1915 at
625 1889 710 1915 most
732 1894 784 1923 31:
806 1894 859 1915 see

239 1928 382 1967 Ramsay
393 1927 478 1957 Rom
495 1927 597 1967 Antiq
614 1937 658 1967 pp
679 1934 746 1966 173,
770 1925 853 1966 174).

281 1970 517 2007 restituturum]
541 1970 575 1999 cf
599 1969 742 2000 Velleius
766 1977 794 1999 Π
820 1979 860 2009 30

239 2013 307 2051 §42
332 2013 372 2042 de
387 2012 440 2052 leg
457 2019 498 2042 III
515 2013 593 2050 ξπ.

281 2056 318 2086 in
333 2054 377 2093 eo]
398 2053 559 2085 ‘thereat’.

281 2097 440 2137 strepitus]
463 2107 482 2127 a.
499 2095 607 2127 ‘hum’
633 2106 670 2127 or
693 2095 801 2127 ‘buzz'
826 2095 861 2127 of

239 2139 403 2181 approval.

281 2181 553 2220 admumnuratz’o]
568 2181 646 2212 used
658 2181 739 2211 both
755 2181 791 2211 of
802 2192 857 2221 ap-

239 2225 412 2266 probation
428 2224 491 2254 and
508 2224 784 2264 disapprobation,
804 2234 857 2254 see

240 2272 315 2298 note
331 2277 373 2297 on
387 2267 523 2297 clamore
536 2266 650 2296 below.

281 2309 427 2347 clamore]
471 2319 507 2339 so
548 2309 669 2339 clamor
711 2308 738 2339 is
781 2319 854 2339 con-

239 2352 360 2384 trasted
381 2351 460 2383 with
483 2351 741 2382 admurmuratio
767 2351 800 2381 in
823 2351 857 2382 in

925 1203 1022 1233 Pison
1043 1202 1058 1239 ἓ
1083 1211 1120 1241 31
1144 1202 1203 1243 qui
1224 1213 1288 1233 non
1312 1203 1542 1233 admurmura-

923 1246 1006 1276 tione
1033 1246 1086 1276 sed
1111 1256 1180 1275 voce
1209 1249 1238 1275 et
1269 1246 1405 1276 clamore
1436 1245 1546 1276 abiecti

924 1287 1218 1328 lzomz'm'sfitrorem
1226 1287 1383 1328 fi‘egistz's.

965 1330 1028 1361 xvi.
1071 1329 1120 1368 46.
1169 1331 1205 1360 in
1219 1330 1348 1370 speculis
1361 1330 1452 1368 sunt]
1473 1331 1543 1361 ‘are

923 1383 966 1404 on
988 1373 1042 1403 the
1060 1373 1191 1411 watch’,
1221 1373 1290 1403 ‘the
1313 1372 1487 1410 look-out'‚
1512 1372 1548 1403 cf

922 1426 982 1456 pro
1011 1425 1067 1455 reg
1096 1415 1196 1446 Deiot
1227 1416 1243 1452 ξ
1275 1424 1325 1451 22,
1362 1415 1447 1446 Ovid
1485 1415 1543 1445 her

922 1465 1017 1488 XVIII
1040 1468 1076 1488 12
1099 1458 1135 1488 in
1155 1458 1284 1498 speculis
1303 1458 1406 1488 omnis
1420 1457 1543 1498 Abydos

919 1505 997 1531 erat.

964 1553 1051 1573 unus
1064 1543 1335 1583 quisque...gerat]
1357 1552 1410 1573 see
1425 1542 1538 1581 above,

921 1590 998 1616 note
1014 1596 1055 1616 on
1071 1586 1269 1622 arbitretur§
1284 1595 1336 1622 41.

966 1628 1057 1668 legem
1074 1627 1293 1665 trihmziciam]
1310 1627 1473 1667 evidently
1488 1627 1543 1658 the

922 1670 985 1701 law
1001 1670 1115 1711 passed
1139 1670 1172 1700 in
1196 1670 1259 1700 this
1281 1680 1357 1710 year
1379 1670 1422 1709 by
1448 1670 1541 1699 Pom-

922 1713 1024 1754 peius,
1064 1712 1221 1752 restoring
1257 1712 1311 1742 the
1349 1712 1543 1743 tribuniciau

923 1766 1042 1796 power,
1058 1760 1124 1792 not,
1144 1765 1178 1785 as
1195 1755 1322 1785 Ernesti
1337 1754 1371 1784 in
1386 1755 1436 1784 his
1452 1765 1538 1785 com-

924 1804 1070 1837 mentary
1086 1797 1230 1838 explains
1242 1797 1274 1834 it,
1290 1797 1344 1827 the
1359 1797 1410 1827 lex
1422 1797 1541 1828 Corne-

923 1840 967 1871 lia
983 1841 1019 1870 of
1031 1847 1077 1870 BC
1094 1840 1144 1877 81,
1163 1840 1268 1870 which
1284 1840 1460 1880 abrogated
1475 1839 1507 1870 it.

966 1883 1016 1913 vel
1042 1882 1276 1921 tenuissimum]
1307 1882 1357 1912 ‘of
1383 1882 1437 1912 the
1466 1891 1543 1921 very

924 1925 1100 1956 slenderest
1121 1924 1251 1955 means.’
1299 1924 1342 1956 So
1367 1924 1545 1954 tenuissimi

924 1978 977 1998 are
1003 1968 1185 1998 contrasted
1208 1966 1287 1997 with
1313 1967 1545 2007 locupletissimi

924 2010 957 2040 in
975 2018 1000 2040 II
1017 2010 1050 2040 in
1066 2010 1201 2040 Verrem
1217 2017 1243 2039 II
1261 2011 1277 2047 ἓ
1297 2010 1366 2048 138.

967 2060 1015 2092 47.
1064 2053 1119 2083 hoc
1139 2057 1181 2083 est
1201 2051 1369 2090 iudicium]
1404 2051 1541 2082 Ursinus

927 2095 978 2135 (ap
1010 2094 1207 2135 Werburgh)
1231 2103 1398 2134 compares
1421 2094 1538 2124 Dinar-

925 2138 1004 2168 chus
1020 2138 1053 2167 in
1069 2137 1323 2168 Demosthenem
1340 2146 1372 2176 p.
1393 2145 1434 2176 90
1451 2136 1541 2175 ὁρᾶτε

924 2181 989 2219 ’γὰρ
1015 2180 1039 2210 ὦ
1063 2181 1167 2218 ἄνδρες
1191 2177 1351 2216 Ἀθηναῖοι
1379 2179 1428 2208 ὅτι
1454 2180 1541 2217 παρὰ

924 2224 980 2259 μὲν
993 2222 1059 2260 ὑμῖν
1070 2222 1267 2259 Δημοσθένης
1279 2221 1382 2251 οὑτοσὶ
1394 2221 1538 2260 κρίνεται,

925 2266 1012 2303 παρὰ,
1028 2265 1060 2295 δὲ
1076 2265 1138 2295 τοῖς
1161 2263 1272 2294 ἄλλοις
1287 2263 1379 2300 ὑμεῖς,
1401 2264 1428 2293 οἳ
1443 2274 1540 2293 σκοπ-

925 2305 993 2337 osmi
1018 2308 1087 2337 τίνα
1111 2307 1189 2337 ποτὲ
1213 2307 1341 2345 ’γνώμην
1364 2306 1448 2342 ἕξετε
1471 2307 1539 2344 περὶ

923 2348 985 2380 τῶν
1006 2349 1047 2388 τῇ
1076 2349 1203 2390 πατρίδι
1225 2347 1545 2388 συμφερόντων...(οῑ
