1669 2531
180 47 240 84 VI
264 43 327 97 15]
633 45 813 84 ACTIO
848 44 1039 82 PRIMA
1443 52 1491 91 79

181 131 494 180 ornamentisque
514 131 676 181 publicis
695 130 796 177 fecit,
818 131 885 168 sed
906 129 1021 168 etiam
1042 130 1203 167 delubra
1229 127 1359 167 omnia
1386 140 1493 166 sanc-

181 194 337 233 tissimis
355 195 602 244 religionibus
632 201 856 233 consecrata
883 195 1141 242 depopulatus
1163 200 1230 239 est,
1250 194 1366 231 deum
1387 191 1492 229 deni-

183 271 258 307 que
277 259 425 295 nullum
444 257 580 296 Siculis
601 257 665 306 qui
686 257 720 295 ei
738 257 873 309 paullo?
888 256 1009 305 magis
1028 257 1170 293 affabre
1191 262 1307 304 atque
1329 254 1491 302 antiquo

182 322 341 360 artificio
364 323 487 360 factus
506 321 697 359 videretur
721 320 881 369 reliquit.
940 320 979 357 in
1000 320 1137 369 stupris
1157 333 1247 358 vero
1276 326 1313 357 et
1340 317 1491 367 flagitiis

182 385 345 423 nefarias
383 385 465 423 eius
502 384 682 422 libidines
728 397 1032 421 commemorare
1078 384 1225 432 pudore
1271 384 1490 421 deterreor:

183 449 295 487 simul
332 450 482 488 illorum
522 448 780 487 calamitatem
818 449 1160 485 commemorando
1202 460 1338 496 augere
1384 447 1489 492 nolo,

183 514 322 562 quibus
342 515 482 553 liberos
502 513 763 562 coniugesque
784 526 871 550 suas
891 512 1055 561 integras
1084 514 1133 550 ab
1154 512 1260 550 istius
1280 511 1492 561 petulantia

182 590 408 615 conservare
437 590 517 615 non
548 576 693 613 licitum
726 583 794 629 est.
858 587 914 624 15.

182 642 299 679 missa
318 648 406 679 sunt
430 642 479 679 ab
504 640 578 678 isto
598 647 639 677 ut
658 653 738 677 non
763 640 918 688 cognita
947 639 1022 677 sint
1049 641 1098 677 ab
1127 639 1315 689 omnibus.
1373 638 1493 676 homi-

183 718 275 742 nem
306 717 388 742 esse
419 704 578 741 arbitror
606 702 803 740 neminem
833 703 899 751 qui
926 715 1071 740 nomen
1091 702 1198 740 istius
1219 702 1381 740 audierit
1400 701 1492 751 quin

182 769 282 805 facta
314 780 471 816 quoque
509 766 591 805 eius
628 766 772 804 nefaria
809 779 1112 804 commemorare
1149 766 1282 815 possit,
1319 773 1362 803 ut
1398 765 1493 803 mihi

181 830 303 880 magis
323 831 539 868 timendum
560 829 607 867 sit
634 830 834 883 nexmulta
862 829 1022 866 crimina
1050 828 1353 878 praetermittere
1375 842 1491 878 quam

181 907 232 932 ne
252 908 328 943 qua
352 894 390 932 in
415 894 530 932 istum
556 895 698 942 fingere
722 893 923 931 existimer.
981 907 1109 948 neque
1138 894 1241 931 enim
1270 893 1363 930 mihi
1391 893 1493 931 vide-

182 964 243 995 tur
261 958 357 994 haec
376 956 596 1002 multitudo,
614 968 711 1004 quae
731 957 780 994 ad
799 956 1035 994 audiendum
1053 956 1243 1004 convenit,
1261 970 1493 1006 cognoscere

183 1035 231 1060 ex
260 1035 322 1059 me
356 1034 512 1059 causam
545 1021 721 1065 voluisse,
754 1021 822 1058 sed
860 1034 905 1058 ea
939 1034 1037 1070 quae
1068 1021 1138 1059 scit
1174 1034 1329 1059 mecum
1365 1034 1495 1071 recog-

182 1098 397 1149 noscere&
430 1092 496 1125 [Ψ-

264 1151 334 1187 VI.
393 1162 493 1198 quae
524 1161 612 1187 cum
642 1148 696 1186 ita
726 1148 810 1195 sint,
842 1149 912 1186 iste
941 1149 1059 1187 homo
1089 1163 1222 1187 amens
1248 1162 1294 1187 ac
1323 1149 1494 1199 perditus

956 583 995 613 at
1032 575 1134 613 enim
1168 576 1264 612 haec
1301 575 1354 612 ita
1390 588 1492 612 com-
1507 573 1554 610 15

187 1213 261 1251 alia
280 1227 435 1251 mecum
454 1213 601 1251 ratione
621 1220 790 1262 pugnat:
818 1226 899 1250 non
918 1212 957 1250 id
977 1213 1054 1262 agit
1073 1221 1114 1251 ut
1134 1213 1294 1252 alicuius
1315 1215 1496 1263 eloquen-
1593 1228 1598 1236 ·

185 1277 278 1315 tiam
311 1276 405 1313 mihi
434 1283 617 1326 opponat,
653 1289 732 1314 non
760 1275 880 1324 gratia
908 1289 986 1314 non
1015 1277 1242 1315 auctoritate
1271 1277 1495 1327 cuiusquam

185 1353 265 1378 non
298 1339 474 1389 potentia
504 1338 646 1390 nititur.
710 1338 863 1376 simulat
896 1340 954 1377 his
988 1353 1029 1378 se
1053 1342 1167 1379 rebus
1193 1341 1397 1389 confidere,
1426 1342 1494 1380 sed

185 1474 335 1505 observes
373 1474 442 1505 that
485 1474 575 1505 these
610 1474 717 1505 words
754 1485 808 1505 are
873 1480 934 1507 etc.
981 1477 1025 1508 So
1049 1481 1102 1507 too
1125 1488 1178 1508 are
1200 1478 1277 1508 used
1293 1482 1335 1515 at,
1356 1482 1390 1508 at
1409 1489 1490 1510 vero,

184 1528 273 1548 more
290 1518 496 1557 appropriate
516 1517 552 1548 of
568 1517 623 1548 the
645 1517 808 1557 buildings

186 1560 263 1590 than
288 1560 326 1590 of
348 1560 402 1590 the
432 1566 553 1591 statues
578 1560 751 1591 contained
777 1560 809 1590 in

185 1603 285 1633 them.

228 1646 319 1675 deum
335 1645 466 1684 denique
480 1645 623 1683 nullum]
647 1644 681 1675 cf
699 1645 754 1675 div
775 1644 807 1675 in

187 1687 297 1718 Caeeil
313 1689 329 1725 ἓ
346 1698 362 1718 2
379 1698 437 1718 sese
451 1688 516 1718 iam
534 1698 573 1718 ue
594 1689 662 1718 deos
682 1688 807 1728 quidem

189 1730 345 1761 ...habere

227 1783 471 1803 commemorare
474 1797 549 1804 ......
555 1771 720 1812 deterreor]
759 1772 808 1802 sor

186 1814 243 1845 the
272 1815 490 1845 construction
520 1815 554 1846 cf
584 1816 689 1845 below
719 1816 735 1852 ξ
767 1824 807 1854 24

186 1858 511 1897 agere...dete17·ebar.·
533 1868 575 1887 on
592 1857 646 1888 the
668 1857 808 1897 analogy

187 1900 223 1930 of
242 1900 349 1930 iubeor
369 1905 456 1930 vetor
469 1900 638 1940 prohibeor
657 1900 809 1940 impedior

187 1942 323 1982 Madvig
342 1943 358 1980 ξ
381 1952 458 1982 390:
483 1942 536 1972 the
559 1943 709 1982 ordinary
732 1953 806 1972 con-

186 1985 342 2015 struction
372 1985 399 2015 is
429 1985 581 2015 deterreor
607 1985 646 2015 ab
675 1985 801 2025 agendo,

189 2037 228 2058 ne
243 2027 344 2067 (quin,
362 2038 422 2068 quo
439 2027 558 2063 minus)
576 2038 682 2067 agam.

233 2078 278 2108 15.
323 2074 358 2100 at
379 2070 608 2108 επίυι];ἀλλὰ
628 2070 703 2108 γάρ,
721 2070 806 2100 ἀλλὰ

188 2110 223 2149 νὴ
255 2113 325 2149 Δία,
369 2113 575 2152 introducing
611 2122 630 2142 a
663 2112 805 2152 possible

187 2153 369 2194 objection:
411 2155 488 2185 ‘but
521 2165 610 2185 some
640 2165 701 2185 one
731 2165 806 2195 may

187 2197 268 2236 say’.
327 2197 371 2228 Cf
391 2205 418 2227 11
443 2199 477 2227 in
501 2197 636 2227 Verrem
663 2205 690 2227 ΙΙ
721 2199 737 2235 ξ
765 2196 804 2227 26

187 2243 223 2269 at
233 2239 318 2269 enim
329 2240 374 2270 ad
389 2241 512 2270 Verrem
522 2240 658 2280 pecunia
670 2240 729 2270 ista
741 2250 805 2270 non

184 2282 333 2322 pervenit.
385 2283 472 2322 Quae
493 2287 536 2313 est
560 2283 620 2314 ista
649 2282 807 2322 defensio?

875 1519 980 1559 Roby,
1001 1520 1097 1550 Latin
1115 1521 1286 1550 Grammar
1303 1529 1327 1550 ΙΙ
1343 1523 1359 1558 ξ
1380 1519 1470 1560 16²3·

915 1562 989 1592 llaec
1019 1563 1202 1601 mullilndo]
1235 1563 1268 1593 cf
1292 1563 1397 1594 below
1419 1565 1492 1602 §54

872 1605 1134 1645 llaecfi*e’q7tc72lc'a
1151 1606 1243 1636 lolius
1258 1606 1380 1636 ltaliae.

914 1658 1087 1687 cognoscere
1101 1673 1176 1679 ......
1191 1649 1411 1688 recognoscem’]
1464 1649 1498 1680 cf

873 1689 957 1720 Tusc
974 1690 1046 1731 disp
1061 1698 1072 1720 Ι
1088 1692 1104 1728 ξ
1122 1699 1160 1729 57
1177 1691 1283 1721 where
1304 1691 1416 1722 discere
1429 1692 1493 1722 and

873 1733 1097 1763 reminiscendo
1124 1744 1330 1773 recognosoere
1348 1744 1401 1764 are
1417 1745 1491 1765 con-

872 1776 993 1805 trasted
1008 1775 1041 1805 in
1057 1776 1111 1806 the
1127 1786 1214 1806 same
1230 1787 1309 1815 way.

914 1818 955 1848 vi.
1012 1819 1133 1858 gratia.
1142 1844 1147 1849 .
1155 1844 1160 1848 .
1167 1819 1357 1850 auctoritate.
1365 1845 1371 1850 .
1379 1823 1491 1859 poten-

873 1860 929 1898 tia]
964 1861 1071 1900 gratia
1110 1861 1277 1899 influence,
1311 1862 1496 1892 anctoritate

872 1903 1022 1942 personal
1049 1903 1178 1944 weight,
1199 1904 1491 1944 character,p0len-

872 1945 928 1980 tia,
955 1956 1065 1986 power
1089 1947 1220 1977 derived
1251 1947 1333 1977 from
1357 1947 1487 1984 weasth,

872 1987 962 2025 rank,
1002 1993 1080 2019 etc.:
1119 1994 1152 2019 to
1172 1989 1223 2019 *be
1257 1990 1492 2029 distinguished

870 2030 953 2060 from
962 2035 1105 2070 poleam,
1125 2031 1219 2071 legal,
1240 2031 1355 2062 official
1379 2032 1490 2063 autho-

871 2072 942 2112 rity.
975 2073 1084 2113 Cfpro
1097 2074 1173 2104 Mur
1184 2076 1199 2111 ξ
1212 2082 1267 2113 59,
1278 2085 1336 2114 pro
1353 2074 1493 2105 Caecina

870 2116 886 2153 ἓ
919 2122 934 2153 7
940 2125 956 2153 3
989 2126 1085 2156 neque
1112 2116 1232 2156 {affecti
1258 2117 1368 2156 gralia
1398 2128 1495 2158 neque

863 2158 1034 2198 perfiv'ugi
1049 2159 1189 2198 potentia
1206 2170 1248 2189 on
1264 2159 1371 2190 which
1384 2159 1490 2191 Hoto-

870 2210 945 2230 man
970 2201 1103 2241 (quoted
1125 2201 1169 2241 by
1189 2200 1323 2241 Jordan)
1342 2202 1492 2234 observes

876 2243 992 2282 ‘gratia
1015 2254 1087 2273 curn
1110 2244 1327 2283 superioribus
1347 2245 1492 2284 potentia

871 2295 944 2316 cum
960 2285 1162 2317 inferioribus
1177 2286 1334 2318 rationem
1349 2287 1473 2320 habet’.

1526 1239 1570 1252 ...⁴⁸¹
