1669 2531
82 255 130 293 53
147 248 209 286 cui
244 249 469 294 consuleret,
509 248 633 286 fuisse.

84 701 133 739 54
150 692 271 741 possit
299 692 429 741 quaeri
458 693 588 730 solere.

145 98 195 146 38
543 99 621 135 IN
652 98 688 146 Q
731 97 1066 136 CAECJLJUM

1266 94 1380 148 [XVI
1402 107 1449 145 53

144 197 236 222 curn
256 183 434 222 omnibus
455 183 589 222 Siculis
609 185 749 222 faceret
773 183 939 231 iniurias,
963 191 1001 221 te
1029 182 1083 221 illi
1110 195 1230 222 unum
1256 182 1450 229 eximium,

691 248 760 285 sed
797 247 912 285 ceteri
950 247 1065 285 Siculi
1100 248 1262 285 ultorem
1300 258 1452 284 suarum

146 310 368 348 iniuriarum
389 311 616 348 invenerunt
633 325 640 348 ;
666 317 719 357 tu,
742 311 834 348 dum
855 318 937 348 tuas
958 309 1111 347 iniurias
1131 322 1199 358 per
1218 316 1266 356 te,
1287 309 1326 346 id
1347 309 1453 358 quod

146 388 227 413 non
257 382 379 424 potes,
411 374 588 424 persequi
621 376 781 423 conaris,
813 376 852 414 id
877 376 956 425 agis
985 383 1027 413 ut
1055 383 1267 413 ceterorum
1298 386 1453 423 quoque

147 438 308 476 iniuriae
341 438 416 476 sint
449 438 661 488 impunitae
690 447 806 488 atque
834 439 1000 487 inultae;
1030 447 1068 477 et
1096 440 1171 477 hoc
1198 446 1236 476 te
1263 438 1451 487 praeterit,

147 516 229 541 non
257 503 297 541 id
325 504 450 541 solum
478 501 639 551 spectari
668 503 801 549 solere,
832 502 898 551 qui
926 504 1077 548 debeat,
1107 502 1174 539 sed
1204 501 1318 539 etiam
1347 500 1451 547 illud,

150 565 216 614 qui
246 565 367 615 possit
399 565 556 603 ulcisci:
595 565 635 602 in
667 578 745 613 quo
775 572 980 614 utrumque
1010 565 1069 611 sit,
1101 578 1190 602 eum
1220 563 1455 612 superiorem

150 642 258 677 esse5
286 628 326 666 in
346 642 423 679 quo
443 630 616 675 alterum,
633 627 672 664 in
689 641 734 665 eo
750 641 830 666 non
851 627 944 676 quid
964 627 994 665 is
1010 627 1112 674 velit,
1134 627 1201 665 sed
1222 626 1314 675 quid
1334 627 1456 663 facere

646 690 785 740 quodsi
812 690 845 728 ei
874 690 1116 739 potissimum
1137 702 1270 727 censes
1289 688 1457 738 permitti

152 762 328 804 oportere
350 754 557 793 accusandi
577 762 819 803 potestatem,
841 754 901 791 cui
922 753 1128 791 maximam
1149 755 1181 792 C
1205 755 1342 791 Verres
1363 752 1458 790 iniu-

149 818 246 855 riam
265 818 419 856 fecerit:
449 825 574 855 utrum
601 818 758 855 tandem
785 830 919 854 censes
939 817 1009 854 hos
1029 816 1175 853 iudices
1194 816 1344 864 gravius
1364 816 1458 853 ferre

152 888 342 930 oportere,
376 888 414 919 te
445 882 494 919 ab
528 881 594 918 illo
625 893 707 918 esse
741 881 900 926 laesum,
934 892 985 917 an
1014 878 1252 928 provinciam
1290 877 1458 916 Siciliam

153 959 236 984 esse
264 953 441 984 vexatam
469 959 514 983 ac
547 945 765 995 perditam?
820 944 968 993 opinor,
1002 943 1193 981 concedes
1226 943 1348 980 multo
1382 943 1458 980 hoc

152 1016 191 1047 et
219 1023 301 1047 esse
329 1010 479 1058 gravius
508 1016 546 1047 et
569 1010 617 1046 ab
645 1007 824 1046 omnibus
849 1008 934 1045 ferri
957 1006 1108 1056 gravius
1128 1012 1315 1054 oportere.

1371 1017 1460 1043 COH-

153 1075 250 1112 cede
287 1073 401 1123 igitur
435 1080 478 1111 ut
516 1072 586 1111 tibi
623 1077 880 1120 anteponatur
917 1070 956 1107 in
993 1069 1212 1107 accusando
1250 1067 1456 1117 provincia.

152 1151 243 1176 nam
267 1137 464 1187 provincia
490 1144 655 1183 accusat,
678 1148 765 1174 cum
794 1134 825 1172 is
853 1133 931 1183 agit
960 1146 1128 1180 causam,
1149 1145 1265 1181 quem
1295 1130 1366 1169 sibi
1396 1131 1461 1169 illa

153 1277 220 1308 tibi.
267 1276 312 1307 So
338 1275 371 1306 in
397 1286 457 1316 pro
482 1277 594 1316 Mur§
621 1287 656 1316 3¹
683 1278 719 1308 de
744 1289 775 1309 co

147 1325 254 1360 pam-a
270 1319 419 1349 disseram
428 1329 442 1356 ,·
465 1331 560 1360 neque
579 1322 663 1350 enim
680 1331 775 1351 causa

154 1363 190 1393 in
215 1362 270 1392 lmc
295 1362 481 1397 continetur,
499 1362 605 1394 where
629 1363 683 1394 the
710 1374 774 1394 em-

154 1405 265 1446 phasis
281 1405 306 1434 is
322 1415 362 1434 011
374 1410 489 1444 pauca.

198 1447 510 1484 omnibns]:celeria
560 1448 621 1479 See
655 1449 692 1485 ἐξ
725 1448 771 1486 16,

157 1488 208 1528 61,
243 1491 306 1520 and
337 1490 391 1520 the
420 1490 512 1520 cerm*
545 1490 622 1521 here
652 1491 775 1521 follow-

158 1543 223 1572 mg.

201 1585 304 1605 mmm
329 1575 494 1613 eximium]
517 1575 635 1606 chosen
664 1581 719 1606 out
744 1575 781 1606 of

157 1617 201 1648 all
218 1628 251 1647 as
268 1628 308 1647 an
324 1618 430 1657 object
446 1618 482 1647 of
495 1618 543 1648 his
560 1618 775 1649 forbearance.

159 1671 245 1690 mmr
269 1660 295 1690 is
321 1661 505 1700 commonly
521 1661 598 1691 used
623 1662 700 1691 with
728 1673 777 1691 su-

159 1703 330 1743 perlatives
347 1703 378 1732 in
403 1703 464 1733 this
481 1714 582 1738 sense,
600 1714 634 1734 as
659 1705 778 1744 Philip-

159 1747 305 1786 pic11§§
326 1754 352 1784 7,
375 1746 423 1784 84,
444 1756 496 1775 see
520 1746 655 1786 Madvig
677 1748 693 1784 ξ
718 1755 779 1783 310

160 1789 218 1818 obs
243 1798 268 1818 2.
320 1788 409 1818 llere
431 1789 774 1829 eximius:eavtlzplus,

160 1831 200 1861 its
230 1830 367 1870 original
397 1833 558 1871 meaning,
588 1831 645 1862 but
676 1832 779 1871 rarely

161 1873 271 1904 sound-
309 1873 410 1903 Halm
427 1874 498 1903 well
516 1885 681 1914 compares
699 1875 780 1914 Livy

162 1924 201 1946 IX
224 1925 260 1954 34
288 1920 322 1945 lu
346 1926 432 1945 lmus
453 1917 588 1946 eximius
609 1928 637 1947 es
659 1917 694 1947 ill
721 1927 780 1957 qno

161 1959 216 1989 Χῖοί
225 1958 432 1997 praecipuum
448 1963 476 1988 et
490 1959 655 1999 singulare·
668 1961 779 1989 valcat.

163 2002 193 2031 It
210 2001 267 2030 has
284 2001 358 2030 then
375 2001 429 2030 the
446 2001 528 2031 sorcc
552 2002 587 2031 os
606 2012 624 2031 a
640 2002 780 2042 superla-

163 2044 237 2080 tive,
259 2043 381 2081 though
399 2043 461 2073 this
478 2044 503 2074 is
523 2050 577 2074 not
596 2055 780 2084 necessary:

163 2096 313 2126 compare
327 2085 473 2116 Catullus
486 2094 565 2116 XXII
581 2097 617 2116 10
633 2087 783 2126 Szgffiums

163 2140 250 2158 umes
264 2128 482 2168 caprimulglss
503 2133 561 2158 aut
572 2129 687 2168 sossar,
711 2130 783 2159 llor

164 2177 211 2201 sat
231 2179 255 2201 11
272 2170 290 2200 6
310 2179 348 2209 57
366 2171 525 2201 infamem
544 2182 591 2201 me
603 2172 681 2201 scire
700 2172 785 2201 nihil

165 2214 333 2243 mirantur
357 2217 392 2242 πί
414 2224 515 2243 nmmz
539 2214 650 2244 scilicet
670 2214 786 2254 cg‘s‘zgii

166 2257 327 2286 mortalem
343 2256 461 2296 allique
473 2257 585 2286 silensi.

211 2307 259 2336 53.
301 2298 337 2328 id
339 2322 413 2328 ......
419 2298 517 2337 illmz']
556 2299 592 2328 id
617 2299 710 2329 bears
740 2309 782 2329 no

166 2339 301 2380 especial
328 2340 422 2379 force,
443 2341 500 2372 but
515 2352 621 2372 serves
637 2347 669 2372 to
685 2342 783 2372 intro-

841 1278 922 1309 duce
948 1278 1007 1319 qm'
1029 1278 1139 1316 debeat,
1163 1277 1249 1308 illud
1267 1276 1345 1307 with
1371 1279 1462 1317 great

842 1321 1014 1362 emphasis,
1046 1321 1121 1350 ‘but
1145 1320 1316 1360 especially
1333 1319 1387 1350 the
1402 1319 1460 1349 sol-

843 1364 962 1404 lowing
978 1361 1151 1404 question'.
1203 1363 1264 1393 See
1288 1362 1423 1401 Madvig
1446 1363 1461 1399 ἓ

844 1407 903 1446 485
921 1407 952 1443 b,
975 1407 1071 1446 Roby
1086 1408 1102 1443 ξ
1120 1407 1210 1444 2258,
1231 1405 1294 1434 and
1312 1414 1462 1444 compare

844 1449 898 1479 the
914 1449 1086 1479 difserence
1110 1449 1141 1478 in
1167 1448 1220 1478 the
1243 1457 1407 1488 pronouns
1431 1447 1462 1476 in

843 1502 901 1532 pro
918 1492 1025 1529 Mur§
1048 1492 1084 1531 78
1106 1491 1162 1520 islo
1187 1491 1296 1520 animo
1318 1494 1410 1530 alque
1429 1500 1462 1519 m

842 1534 992 1574 opinione.
1050 1533 1252 1573 quizquall's
1279 1532 1342 1563 vir.
1401 1532 1463 1563 See

845 1577 980 1615 Madvig
996 1577 1010 1613 ἓ
1027 1577 1065 1606 88
1083 1576 1140 1605 obs
1161 1586 1185 1605 1.

886 1619 1034 1656 allorum]
1059 1619 1112 1648 the
1129 1618 1254 1655 former,
1274 1621 1330 1647 not
1347 1616 1462 1646 allrrn-

844 1666 942 1698 t‘rztm,
968 1661 1074 1691 which
1097 1661 1151 1691 the
1173 1660 1338 1700 following
1359 1659 1464 1690 words

846 1704 1034 1735 contradict.

888 1757 939 1784 5⁴·
963 1746 1087 1784 ulrum]
1111 1745 1136 1776 is
1153 1745 1189 1776 os
1201 1755 1312 1775 course
1324 1744 1379 1775 the
1391 1754 1463 1785 pro-

845 1800 944 1820 noun.

888 1831 1010 1872 apilmr]
1046 1829 1196 1871 compare
1228 1830 1301 1860 Hor
1331 1835 1379 1860 sat
1406 1836 1417 1859 Ι
1446 1837 1463 1867 3

849 1884 886 1914 53
903 1875 1022 1914 (spinas,
1037 1874 1108 1903 lam-
1125 1884 1170 1903 νίς
1185 1878 1211 1903 ct
1227 1873 1332 1912 iungit
1346 1873 1466 1902 iunctas

846 1922 872 1948 cl
906 1921 1009 1947 servat
1043 1916 1166 1952 amicos,
1209 1926 1272 1955 epp
1305 1922 1315 1944 1
1359 1913 1394 1944 16
1427 1915 1464 1953 78

847 1960 969 1999 asamar,
999 1959 1054 1988 lwc
1082 1959 1182 1995 sentit,
1217 1957 1347 1994 moriar,
1382 1966 1467 1986 mors

849 2003 964 2032 ztlz‘z'mcz
980 2002 1063 2032 linea
1079 2011 1186 2031 rcrmn
1203 2005 1251 2030 est.

888 2055 958 2074 cum
975 2044 1053 2083 agit]
1078 2043 1126 2073 sor
1142 2043 1165 2073 it
1193 2043 1219 2073 is
1241 2042 1293 2072 the
1314 2040 1466 2082 province

850 2087 919 2117 that
944 2087 1045 2126 really
1075 2090 1257 2126 prosecutes
1288 2085 1382 2114 when
1412 2083 1467 2113 the

850 2140 921 2160 case
948 2129 973 2159 is
999 2128 1180 2159 conducted
1204 2128 1245 2166 by
1261 2127 1314 2157 the
1337 2136 1411 2156 man
1435 2125 1472 2155 of

850 2173 889 2202 its
920 2172 1040 2202 choice.
1105 2180 1176 2200 cum
1208 2170 1367 2199 almost:
1386 2169 1467 2197 inas-

850 2214 947 2244 much
963 2224 997 2244 as
1023 2213 1109 2253 (‘by'
1133 2212 1211 2243 with
1235 2222 1253 2242 a
1276 2211 1466 2251 participle),

851 2257 914 2287 and
951 2256 1041 2287 takes
1078 2255 1132 2286 the
1162 2254 1344 2285 indicative.
1407 2255 1468 2283 See

852 2299 985 2338 Madvig
1002 2300 1017 2336 ἓ
1035 2299 1095 2337 358
1112 2298 1169 2328 obs
1186 2306 1214 2333 2,
1234 2296 1298 2326 and
1319 2305 1469 2336 compare

851 2350 863 2372 1
882 2342 914 2372 in
931 2341 1065 2372 Verrem
1080 2340 1114 2378 ἓξ
1132 2341 1180 2378 28,
1199 2349 1249 2379 42.
