1669 2531
602 121 918 159 APPENDIX
946 120 987 158 C.
1410 130 1429 167 5
1435 132 1456 167 3

144 209 334 252 obiciatur,
352 207 564 252 praecedere
584 206 683 241 debet
700 206 740 239 in
764 206 902 239 crimen
921 205 1148 250 subscriptio,
1166 215 1259 248 quae
1276 215 1333 238 res
1348 204 1401 238 aa'
1419 204 1464 238 id

144 267 298 300 inventa
323 268 376 298 est
400 275 443 297 ne
458 263 579 308 fizcile
604 263 688 307 quis
707 262 887 306 prosiliat
905 262 959 295 ad
977 263 1250 304 accusationem,
1269 273 1350 296 cum
1367 263 1462 297 sciat

145 322 305 356 inultam
331 321 402 354 sibi
426 332 498 354 nou
514 320 704 364 futuram,
736 320 877 353 Seneca
905 319 951 353 de
978 319 1091 353 benef
1112 327 1159 353 111
1187 319 1231 353 26
1247 318 1263 364 ξ
1282 329 1300 353 2
1318 324 1354 354 et
1373 331 1455 354 cum

143 378 257 411 Maro
284 377 462 411 convivas
489 379 686 409 testaretur
713 379 749 409 et
779 375 855 408 iam
886 376 1188 419 subscriptionem
1220 379 1454 421 componeret,

146 434 285 468 Gellius
303 442 333 467 ΙΙ
351 431 405 477 4}
427 443 438 466 1
459 433 606 466 cuinam
624 432 863 475 potissimum
887 443 933 466 ex
954 433 1095 466 duobus
1111 434 1335 478 pluribusve
1351 445 1455 469 accu-

143 491 237 525 satio
260 491 521 535 subscriptiove
544 488 659 522 detur.
709 489 927 534 subscriptio
952 490 1039 524 then
1066 490 1097 524 is
1122 492 1288 535 properly
1306 492 1368 526 the
1393 499 1454 527 act

145 548 184 582 of
198 548 259 582 the
276 558 435 591 accuser,
452 546 604 589 binding
629 545 777 579 himself
797 557 883 580 over
907 552 944 580 to
969 555 1185 590 prosecute:
1209 548 1271 581 the
1297 559 1403 583 sense
1422 549 1464 583 of

140 603 284 647 joining
307 604 344 637 in
369 614 392 637 a
415 602 646 647 prosecution
672 613 713 636 as
741 613 763 636 a
786 602 909 646 junior
934 603 1083 637 counsel
1108 603 1183 647 (see
1208 604 1270 638 div
1295 604 1331 638 in
1360 605 1455 639 Caec

145 658 161 703 ξ
178 660 236 704 49)
256 661 285 693 is
304 661 507 704 secondary
524 667 560 694 to
579 660 661 693 this.

214 718 263 760 (3)
310 718 390 750 The
408 729 508 751 same
533 728 618 760 may
640 717 686 751 be
712 715 791 749 said
820 716 862 749 of
883 716 945 749 the
974 716 1061 750 verb
1089 717 1316 752 subscribere.
1369 719 1457 753 For-

144 773 264 806 cellini
293 780 422 817 quotes
453 774 580 807 Macer
603 773 679 815 Dig
694 772 739 814 48
758 782 776 805 2
797 772 816 805 8
834 773 903 816 qui
915 772 988 806 duo
1005 773 1145 807 iudicia
1165 773 1345 808 adversus
1367 775 1458 809 duos

144 840 221 862 reos
236 830 437 874 subscripta
453 829 568 863 liabet.
618 830 667 863 So
696 830 773 862 also
803 829 930 863 Cicero
957 841 1022 874 pro
1050 831 1216 865 Cluentio
1241 829 1257 875 ξ
1284 841 1343 875 131
1364 834 1404 866 in
1422 835 1456 867 P

146 887 335 931 Popilium
353 888 567 932 subscripsit
581 888 614 921 L
634 887 786 930 Gellius,
804 887 849 920 de
867 887 990 920 invent
1009 895 1038 920 ΙΙ
1057 885 1073 931 ξ
1092 888 1133 931 58
1152 889 1240 932 quia
1250 891 1459 933 parricidii

142 955 256 978 causa
283 944 487 989 subscripta
515 948 614 987 esset,
643 945 790 977 Plautus
823 945 920 977 Poen
952 952 999 978 111
1026 944 1048 977 6
1076 953 1093 988 5
1123 956 1206 979 cras
1233 946 1455 981 subscribam

143 1001 289 1035 homini
307 1002 441 1045 dicam,
469 1001 573 1044 Pliny
587 1012 656 1045 epp
674 1008 699 1034 V
720 1010 732 1034 1
758 999 774 1044 ξ
797 999 819 1033 6
835 1003 924 1045 post
945 1001 1011 1034 ltoc
1034 1002 1099 1035 ille
1124 1013 1206 1035 cum
1229 1004 1353 1037 ceteris
1373 1005 1453 1037 sub-

143 1058 293 1102 scripsit
318 1059 585 1092 centumvirale
611 1058 802 1100 iudicium,
829 1069 902 1091 nou
931 1059 1148 1102 subscripsit
1173 1071 1325 1095 mecum.
1374 1061 1455 1096 The

143 1115 345 1159 secondary
363 1126 469 1149 sense
487 1115 516 1149 is
534 1125 705 1149 common
723 1127 731 1156 ;
755 1125 925 1159 compare
943 1115 997 1150 for
1010 1116 1174 1150 instance
1186 1118 1344 1152 Velleius
1364 1126 1394 1151 11
1413 1120 1457 1154 60

143 1170 160 1215 ξ
179 1180 197 1215 5
219 1172 347 1217 Capito
357 1175 522 1216 patruus
539 1183 640 1206 meus
656 1171 691 1205 A
690 1172 849 1216 grippae
864 1172 1080 1216 subscripsit
1096 1174 1136 1206 iu
1157 1174 1186 1207 C
1203 1174 1381 1209 Cassium.

220 1231 269 1274 (4)
317 1231 397 1263 The
425 1230 651 1264 substantive
679 1230 902 1274 subscriptor
922 1229 1081 1263 likewise
1106 1231 1273 1274 properly
1297 1231 1457 1275 signifies

145 1298 168 1321 a
199 1294 412 1331 prosecutor
443 1298 483 1320 or
515 1298 584 1321 one
616 1287 697 1320 who
729 1286 838 1321 binds
870 1286 1021 1320 himself
1049 1297 1135 1320 over
1173 1296 1210 1321 to
1249 1296 1454 1332 prosecute.

148 1345 277 1378 Hence
294 1344 331 1377 in
349 1344 409 1377 div
428 1344 464 1377 in
485 1344 579 1377 Caec
597 1342 612 1387 ξ
629 1354 674 1388 49
691 1355 743 1377 we
766 1344 853 1378 read
876 1348 1052 1388 quartum
1075 1356 1180 1388 quem
1197 1346 1248 1378 sit
1263 1346 1458 1381 habiturus

142 1412 214 1434 non
245 1402 360 1444 video,
393 1401 572 1435 Caecilius
599 1401 774 1444 counting
800 1411 841 1433 as
870 1411 949 1434 one.
1014 1402 1072 1434 On
1102 1401 1174 1435 this
1210 1402 1323 1435 Halm
1356 1404 1455 1447 aptly

144 1463 274 1500 quotes
295 1457 412 1501 fragm
435 1457 525 1501 legis
544 1455 746 1491 Serviliae*
769 1457 1053 1500 repetundarum
1077 1458 1085 1474 ‘
1099 1469 1215 1492 tutum
1245 1464 1400 1493 actorem
1423 1465 1458 1494 et

143 1515 212 1560 qui
224 1527 307 1549 eum
324 1517 507 1549 adiuvent
521 1516 615 1549 alios
631 1515 890 1559 subscriptores
901 1514 1023 1559 facito
1048 1516 1088 1548 in
1111 1517 1275 1550 contione
1293 1517 1456 1551 iudicum

141 1572 413 1608 iniuratorum'.

637 1693 676 1726 C.
725 1692 967 1737 Repetundae.

213 1771 451 1816 Repetundae
469 1782 530 1805 are
556 1771 639 1804 thus
662 1770 808 1805 defined
831 1771 879 1814 by
899 1770 1072 1814 Sigonius
1094 1771 1150 1814 (de
1167 1770 1310 1806 iudiciis
1330 1779 1360 1805 11
1381 1772 1452 1815 27):

142 1830 367 1874 repetundae
379 1829 555 1874 pecuniae
573 1830 693 1864 dictae
712 1836 795 1864 sunt
812 1840 903 1874 quas
921 1829 998 1863 sive
1011 1829 1101 1863 socii
1115 1830 1192 1864 sive
1209 1830 1307 1864 cives
1324 1830 1454 1874 privati

145 1898 167 1919 a
183 1887 459 1930 magistratibus
477 1893 539 1920 aut
557 1886 737 1920 iudicibus
756 1893 817 1920 aut
834 1886 989 1931 publicis
1007 1887 1301 1931 procuratoribus
1320 1887 1454 1921 iudicio

145 1944 402 1989 repetiverunt,
428 1954 519 1988 quas
545 1944 595 1977 illi
622 1950 683 1978 aut
709 1944 746 1977 in
771 1944 962 1989 provincia
986 1951 1048 1978 aut
1072 1944 1109 1978 in
1134 1944 1224 1978 urbe
1249 1950 1312 1978 aut
1332 1944 1453 1979 obius

144 2001 342 2035 dicendum
375 2007 437 2034 aut
470 2001 517 2034 ob
554 2000 792 2034 iudicandum
824 2007 887 2034 aut
920 2000 968 2034 ob
1006 2000 1105 2034 aliud
1137 2000 1276 2044 aliquid
1309 1999 1454 2044 publice

141 2059 344 2093 curandum
363 2058 556 2101 cepissent.
605 2058 703 2091 That
724 2059 866 2091 Roman
885 2057 1031 2092 citizens
1049 2057 1123 2090 had
1146 2058 1207 2090 the
1231 2068 1331 2091 same
1357 2057 1453 2101 right

142 2127 183 2150 as
217 2116 318 2149 allies
352 2122 389 2149 to
423 2115 588 2149 institute
622 2115 788 2149 criminal
826 2116 1066 2160 proceedings
1100 2115 1145 2148 de
1178 2115 1389 2158 repetundis
1422 2115 1452 2148 is

142 2172 369 2216 abundantly
387 2172 524 2217 proved
541 2173 589 2216 by
607 2172 668 2206 the
686 2173 885 2216 fragments
909 2173 950 2206 of
968 2173 1029 2206 the
1047 2174 1103 2206 lex
1120 2174 1239 2206 Acilia
1256 2173 1318 2215 (on
1336 2172 1452 2205 which

128 2238 201 2264 'See
233 2230 375 2273 below),
409 2230 483 2263 and
516 2230 545 2263 is
574 2230 723 2274 implied
756 2231 804 2274 by
836 2230 963 2264 Cicero
993 2231 1097 2264 when
1124 2231 1170 2264 he
1200 2241 1283 2274 says
1314 2229 1389 2274 (div
1415 2230 1450 2264 in

139 2285 339 2320 Caecilium
363 2285 379 2330 ξ
408 2287 460 2328 18)
490 2286 632 2319 civibus
663 2298 745 2320 cum
770 2290 860 2320 sunt
884 2290 1024 2332 ereptae
1045 2286 1222 2331 pecuniae
1248 2286 1356 2320 civili
1367 2286 1454 2331 sere

437 2365 451 2379 *
477 2375 513 2396 or
529 2365 664 2402 Aciliae,
683 2375 736 2396 see
751 2366 856 2397 below
869 2366 1045 2407 Appendix
1065 2366 1090 2396 C
1110 2376 1136 2397 2.
