1669 2531
187 107 286 145 XVI
309 106 374 159 52]
682 111 899 148 DJVJNA
909 110 1006 148 ΠΟ
1448 116 1497 154 37

185 204 267 230 non
297 205 345 230 ex
377 191 447 239 his,
480 206 577 243 quos
608 206 762 232 mecum
787 193 1028 238 adduxerim,
1059 193 1128 231 sed
1158 192 1208 231 de
1238 192 1383 242 populo
1414 191 1500 228 sub-

185 251 348 301 scriptor
374 253 567 292 addatur?
595 254 706 292 vobis
734 261 864 292 autem
890 262 998 292 tanta
1025 253 1157 303 inopia
1180 265 1332 291 reorum
1359 258 1428 298 est,
1456 258 1499 288 ut

186 317 281 355 mihi
306 331 462 357 causam
490 319 704 369 praeripere
731 319 927 357 conemini
956 319 1097 368 potius,
1127 331 1242 368 quam
1270 317 1419 366 aliquos
1447 316 1499 353 ad

185 383 407 421 columnam
439 384 635 422 Maeniam
665 383 779 422 vestri
812 383 957 422 ordinis
993 397 1078 422 reos
1110 381 1334 432 reperiatis?
1397 383 1501 418 ‘cus-

185 448 339 485 todem'
377 447 534 497 inquit‘
567 448 699 486 Tullio
735 461 798 486 me
834 447 1042 497 adponite.'
1099 447 1222 496 quid?
1258 445 1352 483 mihi
1383 457 1498 494 quam
1519 445 1565 483 51

185 510 316 548 multis
349 511 574 549 custodibus
600 524 697 560 opus
731 511 811 558 erit,
849 511 880 549 si
909 518 947 549 te
982 512 1100 549 semel
1137 511 1188 548 ad
1219 523 1325 548 meas
1363 521 1499 558 capsas

184 573 405 613 admisero?
433 574 499 624 qui
513 588 593 613 non
609 577 734 613 solum
748 588 798 613 ne
813 575 907 624 quid
923 575 1110 622 enunties,
1128 575 1196 613 sed
1212 574 1325 612 etiam
1341 586 1390 611 ne
1406 573 1501 622 quid

183 638 343 682 auferas,
364 637 640 676 custodiendus
661 638 721 676 sis.
780 639 847 676 sed
868 639 917 676 de
936 638 1010 676 isto
1031 639 1193 676 custode
1208 645 1291 676 toto
1315 636 1370 675 sic
1387 636 1499 675 vobis

183 700 406 739 brevissime
437 703 706 751 respondebo:
740 715 820 741 non
848 715 931 741 esse
961 703 1032 740 hos
1061 703 1155 740 tales
1185 702 1286 740 viros
1319 700 1500 739 commis·

183 775 302 810 suros,
341 770 384 801 ut
419 765 467 802 ad
507 778 660 803 causam
692 772 849 812 tantam,
888 779 912 803 a
940 779 1003 804 me
1033 772 1263 814 susceptam,
1294 764 1389 802 mihi
1421 778 1500 803 cre-

182 824 316 870 ditam,
361 824 564 873 quisquam
605 825 840 875 subscriptor
882 839 945 863 me
981 826 1101 864 invito
1138 825 1332 874 adspirare
1364 824 1496 874 possit.

183 889 325 927 etenim
343 891 440 928 fides
459 903 546 928 mea
564 891 767 928 custodem
787 890 974 941 repudiat,
995 890 1193 940 diligentia
1218 890 1498 940 speculatorem

182 953 415 992 reformidat.

260 1031 393 1056 verum
426 1026 468 1057 ut
499 1019 550 1057 ad
580 1026 630 1067 te,
663 1018 821 1066 Caecili,
852 1020 1020 1067 redeam,
1052 1032 1168 1068 quam
1198 1019 1320 1057 multa
1357 1025 1395 1056 te
1432 1018 1497 1056 de·
1517 1015 1563 1052 52

183 1081 312 1120 ficiant
339 1083 470 1132 vides,
502 1097 618 1133 quam
648 1085 770 1122 multa
793 1083 869 1122 sint
894 1083 932 1121 in
962 1091 1012 1131 te,
1040 1097 1139 1133 quae
1168 1097 1255 1121 reus
1283 1096 1429 1121 nocens
1455 1081 1496 1120 in

182 1154 404 1185 accusatore
423 1161 493 1186 suo
513 1147 642 1197 cupiat
662 1160 755 1195 esse,
776 1149 950 1198 profecto
970 1148 1045 1186 iam
1071 1147 1270 1197 intellegis.
1329 1146 1423 1196 quid
1445 1146 1496 1184 ad

181 1211 278 1249 haec
309 1211 385 1249 dici
414 1214 575 1261 potest?
605 1225 685 1250 non
717 1212 819 1250 enim
846 1226 1000 1262 quaero,
1031 1212 1125 1262 quid
1153 1220 1195 1250 tu
1225 1212 1395 1250 dicturus
1422 1211 1496 1249 sis:

180 1276 296 1316 video
332 1277 427 1314 mihi
463 1289 544 1315 non
581 1283 630 1323 te,
669 1277 738 1315 sed
775 1277 880 1314 hunc
917 1277 1057 1315 librum
1095 1289 1178 1315 esse
1210 1288 1493 1325 responsurum,

181 1353 297 1390 quem
321 1340 491 1379 monitor
517 1349 604 1379 tuus
629 1340 693 1378 hic
713 1348 841 1380 tenet:
875 1341 942 1391 qui
962 1341 993 1379 si
1013 1349 1050 1379 te
1070 1348 1173 1379 recte
1199 1353 1358 1378 monere
1379 1340 1494 1386 volet,

180 1404 358 1443 suadebit
394 1403 465 1442 tibi
502 1411 545 1441 ut
574 1403 666 1441 hinc
699 1404 875 1442 discedas
903 1417 1031 1454 neque
1060 1404 1155 1441 mihi
1182 1405 1342 1442 verbum
1370 1404 1493 1441 ullum

179 1469 425 1518 respondeas.
475 1468 568 1517 quid
589 1467 689 1505 enim
711 1468 845 1507 dices?
877 1482 928 1506 an
947 1468 987 1506 id
1007 1469 1113 1518 quod
1133 1468 1296 1515 dictitas,
1317 1467 1493 1504 iniuriam

179 1532 250 1571 tibi
268 1532 404 1571 fecisse
422 1534 583 1570 Verrem
595 1535 613 1571 ?
648 1532 810 1571 arbitror
823 1546 834 1580 3

222 1627 288 1658 xvi.
325 1628 362 1658 de
371 1627 500 1668 populo]
524 1627 607 1658 from
624 1628 679 1659 the
694 1628 803 1659 ranks.

179 1670 330 1700 addatur.
361 1671 481 1701 Thrust
504 1670 538 1700 in
561 1681 603 1701 on
627 1671 682 1702 the
699 1677 754 1712 top
771 1671 810 1702 of

181 1723 244 1743 me.
289 1713 361 1744 The
392 1713 483 1743 word
519 1713 546 1744 is
577 1713 806 1753 intentionally

181 1755 354 1786 invidious.
401 1756 563 1796 Compare
592 1766 652 1796 pro
682 1757 758 1787 Mur
787 1759 804 1794 ξ

181 1806 221 1837 47
238 1798 339 1828 morbi
358 1799 553 1829 excusationi
567 1806 670 1839 poena
693 1800 804 1829 addita

180 1845 232 1878 est,
253 1841 415 1882 Philippic
431 1842 466 1871 11*
475 1842 490 1878 ἓ
507 1851 542 1880 31
562 1852 622 1871 cur
629 1847 803 1882 quaestores

180 1883 309 1914 additi?

222 1926 454 1956 adcolnmnam
467 1927 649 1965 Alaeniam]
672 1927 722 1957 for
737 1927 800 1958 this

179 1968 288 2009 pillar,
305 1969 458 2009 standing
478 1975 511 1999 at
531 1969 586 1999 the
601 1975 752 2001 entrance
768 1976 801 2001 to

180 2011 235 2042 the
267 2011 399 2047 Forum,
427 2022 504 2041 near
529 2011 636 2042 which
661 2013 716 2043 the
741 2014 808 2044 lll

179 2053 252 2085 viri
268 2054 415 2093 capitales
439 2054 516 2084 held
539 2054 622 2084 their
642 2060 732 2086 court
752 2055 802 2086 for

179 2097 254 2127 trial
269 2096 307 2127 of
324 2096 378 2127 the
394 2096 506 2127 lowest
529 2097 625 2127 order
647 2098 684 2128 of
702 2098 800 2129 male-

182 2139 310 2175 factors‚
331 2149 384 2170 see
401 2140 544 2178 Ramsay
559 2151 581 2180 p
602 2148 647 2178 17.

221 2182 386 2220 custodem]
412 2182 484 2212 tack
507 2193 560 2213 me
576 2193 618 2213 on
634 2188 667 2213 to
685 2182 801 2214 Cicero

180 2234 215 2255 as
240 2224 439 2264 subscmpton
466 2224 536 2255 that
566 2225 582 2255 I
613 2235 688 2266 may
717 2226 801 2266 keep

179 2277 235 2307 my
252 2277 309 2306 eye
321 2277 363 2298 on
378 2267 428 2298 his
444 2268 665 2308 proceedings.
682 2268 797 2309 znquzt.

181 2309 263 2350 Says
278 2320 340 2340 one
357 2309 471 2349 (such).

221 2352 362 2392 auferas]
385 2363 422 2384 so
437 2357 599 2394 asportare
612 2352 629 2390 ἓ
647 2353 698 2384 28.

870 1546 997 1582 neque
1016 1533 1120 1571 enim
1141 1540 1240 1570 esset
1259 1531 1338 1570 veri
1357 1531 1491 1578 simile,

912 1632 967 1669 quz‘
972 1653 1047 1659 ......
1053 1627 1110 1669 sis]
1134 1638 1188 1659 see
1210 1638 1253 1659 on
1268 1628 1283 1666 ἓ
1299 1638 1336 1666 41
1355 1627 1413 1668 qui
1425 1638 1493 1658 ver·

870 1681 928 1702 ser.

911 1714 948 1744 de
971 1714 1028 1744 isto
1051 1714 1172 1744 custode
1197 1712 1272 1754 toto]
1306 1723 1341 1743 as
1371 1717 1406 1743 to
1436 1712 1492 1743 the

869 1762 1018 1797 question
1054 1756 1092 1787 of
1123 1756 1287 1796 watching
1315 1756 1490 1797 generally.

869 1799 941 1830 The
959 1799 1055 1829 Latin
1070 1799 1128 1829 has
1144 1799 1199 1829 the
1214 1805 1373 1829 concrete.

910 1842 1087 1882 adspirare]
1111 1852 1163 1872 see
1179 1852 1222 1872 on
1237 1843 1253 1879 ξ
1271 1852 1319 1872 20.

913 1894 962 1923 52-
987 1885 1034 1914 ad
1045 1885 1130 1923 lzaec]
1154 1893 1188 1915 to
1203 1889 1289 1915 meet
1306 1884 1406 1915 these.
1445 1883 1491 1915 So

867 1937 927 1967 pro
945 1927 1057 1958 Caelio
1073 1929 1089 1965 ξ
1105 1937 1124 1968 9
1134 1938 1245 1957 verum
1260 1927 1306 1957 ad
1317 1927 1410 1957 istam
1426 1937 1490 1957 om-

868 1980 939 2000 nem
965 1970 1137 2000 orationem
1164 1970 1267 2000 brevis
1287 1974 1330 2000 est
1343 1969 1486 2009 defensio,

868 2013 909 2043 de
927 2013 1016 2043 divin
1033 2020 1044 2043 1
1063 2014 1079 2049 ἓ
1108 2022 1144 2051 13
1167 2013 1212 2043 ad
1232 2012 1359 2050 morbos,
1378 2012 1460 2052 Livy
1476 2020 1489 2043 1

872 2065 906 2086 11
924 2056 970 2085 ad
981 2056 1036 2086 lzos
1050 2056 1199 2086 Romana
1215 2055 1292 2094 legio
1306 2055 1409 2085 ducta.

910 2097 1061 2138 arbitror]
1101 2099 1109 2113 ‘
1120 2098 1136 2128 I
1167 2107 1307 2138 suppose
1340 2107 1376 2127 so
1410 2097 1489 2135 [and

868 2140 958 2171 there
974 2151 1048 2180 may
1062 2141 1103 2171 be
1119 2140 1206 2171 truth
1222 2141 1254 2170 in
1272 2150 1353 2180 your
1367 2141 1486 2179 words]

867 2182 918 2213 for
933 2182 1065 2214 ’twould
1081 2183 1123 2214 be
1139 2183 1279 2223 scarcely
1292 2183 1389 2222 likely
1403 2183 1488 2213 that'

872 2249 961 2257 .......
1002 2226 1163 2266 Compare
1180 2226 1257 2255 with
1275 2225 1409 2255 Richter
1423 2226 1490 2257 Ter

868 2268 943 2298 Eun
969 2279 1028 2299 110
1050 2269 1210 2299 cz'vemne?
1239 2268 1398 2305 arbitron·
1426 2278 1488 2299 cer-

867 2315 938 2342 tum
961 2322 1027 2342 non
1049 2311 1172 2342 scimus.
1221 2311 1293 2341 The
1309 2311 1416 2341 words
1436 2321 1489 2342 ne-

866 2364 925 2395 que
952 2354 1037 2385 enim
1067 2357 1149 2385 refer
1178 2358 1211 2384 to
1241 2353 1296 2384 the
1325 2353 1488 2395 emphatic
