1669 2531
205 56 252 102 78
452 98 457 103 ,
644 57 723 93 JN
754 56 789 94 c
832 55 1087 94 VERREM

201 139 335 177 munia
366 139 449 178 iura
485 146 714 180 tenuerunt:
757 147 908 179 tanturn
941 139 1104 189 quisque
1141 140 1260 178 habet
1297 138 1337 177 in
1374 138 1515 186 Sicilia,

203 205 390 252 quantum
419 203 588 241 hominis
621 204 830 243 avarissimi
862 211 899 243 et
936 203 1241 242 libidinosissimi
1279 211 1346 242 aut
1374 203 1517 253 impru-

143 259 148 263 ’
202 265 374 304 dentiam
407 266 634 316 subterfugit
667 274 733 305 aut
770 267 936 320 satietati
974 267 1159 317 superfuit
1226 269 1273 305 V.
1316 268 1423 305 nulla
1455 280 1515 305 res

200 343 269 380 per
286 330 493 369 triennium
512 330 585 368 nisi
604 332 655 369 ad
674 339 809 369 nutum
830 332 936 370 istius
956 331 1125 370 iudicata
1144 338 1211 377 est,
1232 333 1338 369 nulla
1356 344 1415 369 res
1435 338 1515 369 tam

201 393 324 443 patria
354 394 582 443 cuiusquam
613 402 730 444 atque
760 395 862 434 avita
891 396 962 434 fuit
992 409 1090 445 quae
1116 409 1197 434 non
1216 397 1266 434 ab
1287 409 1334 434 eo
1354 395 1515 445 imperio

201 456 310 495 istius
348 457 639 496 abiudicaretur.
697 459 997 498 innumerabiles
1025 460 1214 510 pecuniae
1244 474 1291 498 ex
1322 467 1514 498 aratorum

201 520 316 558 bonis
345 534 448 559 novo
476 522 700 572 nefarioque
730 523 905 562 instituto
934 532 1104 571 coactae,
1127 524 1222 562 socii
1244 524 1455 563 fidelissimi
1474 524 1514 562 in

201 586 371 624 hostium
400 600 563 625 numero
592 587 806 634 existimati,
840 588 942 627 cives
973 589 1144 627 Romani
1173 589 1349 628 servilem
1376 589 1416 627 in
1435 603 1515 628 mo-

204 649 298 686 dum
311 649 469 688 cruciati
484 657 522 688 et
534 651 671 698 necati,
687 652 864 690 homines
883 653 1147 691 nocentissimi
1162 661 1318 702 propter
1330 652 1513 702 pecunias

201 713 345 752 iudicio
375 715 535 762 liberati,
565 716 825 754 honestissimi
854 724 969 766 atque
996 717 1227 767 integerrimi
1255 719 1434 756 absentes
1458 717 1514 755 rei

200 777 290 815 facti
327 778 473 816 indicta
510 792 626 817 causa
664 779 837 817 damnati
867 787 904 818 et
943 780 1064 829 eiecti,
1099 789 1230 830 portus
1269 779 1514 819 munitissimi

199 842 390 880 maximae
419 843 710 892 tutissimaeque
739 845 851 881 urbes
880 844 1011 893 piratis
1041 846 1380 895 praedonibusque
1409 853 1513 894 pate-

198 906 336 953 factae,
357 913 504 944 nautae.
517 906 734 956 militesque
763 907 978 945 Siculorum
1007 909 1101 946 socii
1124 908 1244 946 nostri
1263 916 1378 958 atque
1398 908 1512 946 amici

199 970 300 1007 fame
330 969 469 1017 necati,
505 971 644 1009 classes
675 970 846 1019 optimae
883 979 1000 1020 atque
1039 973 1389 1021 opportunissimae
1422 986 1511 1011 cum

199 1045 339 1081 magna
384 1033 598 1081 ignominia
642 1034 777 1083 populi
824 1035 994 1072 Romani
1040 1035 1204 1074 amissae
1252 1043 1289 1075 et
1315 1031 1508 1085 perditae.

130 1099 178 1136 14
203 1108 260 1142 14.
329 1095 433 1134 idem
475 1097 546 1135 iste
589 1105 743 1146 praetor
779 1105 1034 1136 monumenta
1070 1099 1336 1149 antiquissima
1372 1088 1511 1149 partim

197 1171 332 1208 regum
350 1160 751 1209 locupletissimorum,
774 1176 874 1212 quae
903 1162 956 1200 illi
985 1170 1212 1201 ornamento
1240 1164 1397 1201 urbibus
1426 1175 1511 1201 esse

198 1224 411 1270 voluerunt,
441 1224 580 1273 partim
610 1226 726 1263 etiam
754 1234 972 1264 nostrorum
1002 1225 1286 1275 imperatorum,
1317 1240 1418 1276 quae
1436 1226 1510 1264 vic-

199 1295 301 1326 tores
331 1288 548 1327 civitatibus
582 1290 717 1328 Siculis
745 1299 811 1329 aut
841 1292 1031 1329 dederunt
1059 1297 1124 1328 aut
1143 1291 1402 1337 reddiderunt,
1425 1304 1510 1340 spo-

839 1369 968 1404 neque
1011 1356 1087 1393 hoc
1130 1356 1255 1393 solum
1298 1355 1338 1393 in
1375 1355 1508 1394 statuis

1370 51 1447 105 [IV
1470 65 1514 101 13

197 1353 302 1391 liavit
343 1355 581 1404 nudavitque
624 1355 765 1393 omnia.

196 1451 295 1482 eodem
332 1451 403 1481 inre
436 1457 533 1482 essent
568 1463 628 1493 quo
655 1453 818 1493 fuissent:

196 1494 299 1524 eadem
329 1494 507 1525 condicione
528 1496 646 1535 populo
675 1496 821 1526 Romano

188 1541 343 1577 parerent
356 1548 419 1577 qua
434 1538 501 1567 suis
509 1537 703 1576 paruissent.

238 1580 421 1610 communia
433 1580 522 1618 iura]
539 1580 592 1610 the
603 1580 703 1620 rights
713 1580 819 1611 which

197 1621 251 1652 the
290 1622 441 1653 Sieilians
478 1622 574 1663 enjoy
603 1623 637 1653 in
666 1633 819 1654 common

196 1664 276 1695 with
292 1664 335 1695 all
351 1665 519 1702 mankind,
537 1666 608 1695 iure
617 1666 770 1706 gentium.

247 1717 278 1737 v.
296 1707 422 1747 Δῥαίνῐα]
435 1712 615 1748 :palerna
641 1708 684 1739 Cf
694 1709 734 1739 de
750 1709 818 1748 imp

197 1749 248 1780 Cn
261 1750 425 1791 Pompei§
445 1761 481 1781 21
500 1761 595 1791 regno
604 1751 713 1791 patrio
727 1755 820 1792 atque

195 1792 291 1822 avito.

237 1835 485 1866 innumerabiles
507 1836 672 1876 pecuniae]
709 1846 761 1867 see
789 1844 816 1866 11

194 1877 228 1907 in
244 1877 380 1908 Verrem
398 1886 438 1908 ΙΙΙ
456 1878 504 1908 for
523 1879 577 1909 the
600 1879 763 1909 exactions
785 1879 822 1909 of

195 1920 312 1951 Verres
343 1921 407 1951 and
437 1921 486 1951 his
516 1922 686 1951 decumani
709 1922 816 1960 (tithe-

193 1962 338 2001 farmers)
355 1963 439 1994 from
454 1964 510 1994 the
526 1964 720 1994 cultivators.

236 2006 314 2036 cives
331 2006 487 2044 Romani]
515 2017 568 2037 see
585 2014 612 2036 11
630 2007 663 2036 in
680 2007 816 2037 Verrem

193 2054 218 2078 V
234 2049 267 2086 ἐξ
288 2054 449 2089 139—171
469 2049 643 2089 especially
665 2049 719 2080 the
743 2060 815 2080 case

193 2090 231 2121 of
243 2091 267 2120 P
285 2091 407 2122 Gavius
425 2092 469 2130 (§§
489 2090 677 2130 158—163).

238 2133 373 2164 absenles
417 2135 463 2164 rei
495 2134 595 2174 factz]
645 2145 663 2164 e
689 2144 711 2174 g
745 2134 814 2165 He-

194 2176 310 2206 raclius
334 2176 371 2207 of
391 2176 557 2216 Syracuse,
581 2184 607 2206 11
629 2176 663 2207 in
679 2176 814 2207 Verrem

194 2225 220 2248 ΙΙ
250 2219 267 2256 ἓ
299 2227 336 2258 35
369 2229 473 2259 seqq,
506 2219 571 2249 and
603 2219 755 2250 Sthenius
782 2219 819 2250 of

197 2260 368 2299 Thermae,
388 2262 457 2292 ibid
473 2263 488 2300 ξ
506 2262 544 2301 83
561 2272 649 2303 seqq.

235 2303 357 2343 classes]
394 2304 485 2336 fleets
515 2304 594 2345 kept
623 2314 668 2345 up
697 2308 730 2336 at
759 2304 814 2336 the

888 1462 1027 1492 expense
1050 1451 1088 1482 of
1107 1452 1161 1483 the
1186 1451 1320 1483 Sicilian
1342 1451 1433 1482 cities
1458 1451 1509 1483 sor

886 1495 940 1525 the
957 1495 1162 1535 suppression
1179 1494 1215 1524 of
1231 1494 1350 1535 piracy.
1399 1494 1462 1526 See
1478 1503 1506 1525 11

886 1539 919 1567 in
935 1537 1069 1568 Verrem
1086 1545 1109 1567 V
1125 1539 1141 1575 ξ
1158 1535 1197 1568 86
1214 1547 1304 1577 seqq.

928 1580 1219 1620 opportunissimae]
1246 1581 1350 1610 ‘most
1372 1579 1505 1611 service-

885 1622 958 1653 able
969 1621 986 1653 '.

932 1675 978 1700 14·
1041 1674 1150 1705 regum
1179 1664 1505 1705 locapletissimomm]

885 1717 903 1738 e
915 1718 936 1748 g
952 1707 1150 1748 Agathocles
1174 1708 1237 1737 and
1255 1707 1368 1737 Hiero.

928 1755 1114 1780 ornamento
1138 1750 1268 1780 urbibus
1292 1749 1363 1788 esse]
1392 1759 1434 1780 on
1449 1750 1505 1781 the

884 1793 1080 1833 predicative
1123 1793 1231 1823 dative
1279 1802 1332 1823 see
1381 1792 1505 1833 Roby's

885 1836 984 1866 Latin
1016 1836 1198 1872 Grammar,
1223 1835 1351 1876 preface
1380 1839 1415 1865 to
1437 1835 1502 1866 vol.

885 1885 924 1908 11.

926 1921 1092 1959 dederunt]
1115 1920 1152 1951 of
1174 1920 1228 1951 the
1257 1919 1368 1960 public
1396 1920 1502 1950 build-

884 1962 956 2003 ings
987 1963 1052 1993 ancl
1083 1968 1203 1994 statues
1243 1962 1359 2003 spared
1388 1962 1432 2002 by
1464 1963 1501 1993 M

884 2005 1059 2036 Marcellus
1089 2006 1171 2036 after
1199 2005 1254 2036 the
1284 2009 1440 2045 conquest
1469 2005 1506 2036 of

883 2048 1050 2089 Syracuse,
1080 2056 1108 2079 11
1134 2049 1168 2079 in
1192 2048 1327 2079 Verrem
1345 2055 1384 2077 1V
1407 2049 1423 2085 ἓ
1443 2057 1502 2087 130

882 2091 952 2121 soll.

924 2133 1144 2172 reddiderunt]
1166 2132 1204 2164 of
1221 2133 1276 2164 the
1290 2142 1443 2172 recovery
1457 2132 1502 2173 by

881 2176 937 2207 the
952 2186 1096 2216 younger
1117 2175 1289 2206 Africanus
1311 2174 1348 2205 of
1367 2174 1501 2206 Sicilian

880 2223 1001 2249 statues
1031 2219 1153 2249 carried
1182 2218 1231 2249 off
1259 2223 1293 2248 to
1324 2217 1497 2259 Carthage,

879 2269 907 2292 11
923 2261 957 2291 in
969 2262 1104 2292 Verrem
1120 2268 1159 2291 1v
1174 2262 1208 2299 ἓξ
1226 2268 1274 2300 74,
1295 2260 1336 2292 8ο
1351 2264 1410 2291 etc.

921 2304 1069 2344 spoliavit
1111 2303 1317 2344 nudavitque]
1381 2302 1500 2344 Zumpt
