1669 2531
648 82 867 126 DJVJNA
876 87 973 127 ΠΟ
1418 98 1464 137 25

151 180 284 211 mento
308 171 514 222 pecuniam
534 178 752 222 exegerunt.
811 171 938 220 quid?
965 171 1042 209 hoc
1061 172 1181 209 Verre
1200 178 1376 220 praetore
1394 172 1470 209 sac-

151 243 233 274 tum
253 243 311 273 est
330 236 487 274 solum?
541 248 634 282 non,
665 235 732 273 sed
762 234 878 272 etiam
907 241 1110 283 quaestore
1135 234 1315 272 Caecilio.
1373 234 1467 284 quid

150 298 296 349 igitur?
325 299 483 337 daturus
504 312 544 337 es
564 299 653 336 huic
681 298 843 345 crimini,
874 299 980 347 quod
1010 305 1048 336 et
1076 298 1237 348 potuisti
1263 299 1468 348 prohibere

149 375 199 400 ne
218 363 325 399 fieret
347 369 384 400 et
404 361 602 400 debuisti?
628 374 680 399 an
700 368 826 399 totum
854 361 894 399 id
923 361 1147 410 relinques?
1201 375 1291 412 ergo
1320 361 1360 400 id
1389 375 1468 400 om-

149 425 244 464 nino
267 427 406 464 Verres
436 425 475 463 in
505 425 650 464 iudicio
677 438 747 463 suo
772 439 852 463 non
880 425 1023 472 audiet,
1050 426 1157 474 quod
1186 439 1274 463 cum
1302 425 1468 464 faciebat

149 502 266 538 quem
285 490 334 527 ad
354 490 516 528 modum
536 490 764 528 defensurus
784 497 885 528 esset
904 503 983 528 non
1003 490 1226 539 reperiebat.
1271 505 1328 529 11.
1349 498 1467 540 atque

149 566 223 603 ego
242 554 351 601 haec,
373 566 472 603 quae
492 553 531 591 in
550 554 681 592 medio
701 554 829 603 posita
848 561 949 601 sunt,
971 568 1256 594 commemoro:
1285 563 1374 594 sunt
1392 556 1467 594 alia

148 617 268 667 magis
289 619 443 656 occulta
461 619 571 665 furta,
593 631 692 667 quae
712 618 786 665 ille,
808 625 852 656 ut
879 618 1001 666 istius,
1023 620 1150 666 credo,
1180 619 1331 658 animos
1350 627 1466 669 atque

148 679 313 729 impetus
342 680 562 728 retardaret,
596 681 874 730 benignissime
903 695 992 719 cum
1027 690 1231 731 quaestore
1260 696 1330 721 suo
1363 696 1466 721 com-

146 744 364 783 municavit.
422 745 518 783 haec
545 752 586 783 tu
612 745 686 784 scis
714 746 764 784 ad
790 759 853 784 me
878 759 962 784 esse
986 747 1136 786 delata:
1175 760 1273 796 quae
1300 748 1331 786 si
1349 748 1465 786 velim
1485 753 1535 791 34

145 809 324 858 proferre,
354 808 465 846 facile
493 822 629 847 omnes
658 809 883 859 intellegent
901 810 1011 848 vobis
1039 810 1139 849 inter
1156 824 1226 849 vos
1245 824 1325 849 non
1344 812 1466 850 modo

145 874 384 911 voluntatem
403 872 520 912 fuisse
538 873 801 921 coniunctam,
831 875 900 913 sed
929 888 978 912 ne
1006 875 1191 924 praedam
1219 875 1378 924 quidem
1401 877 1466 913 ad-

145 938 222 976 huc
241 951 324 976 esse
343 938 517 977 divisam.
575 946 811 988 quapropter
830 938 861 976 si
881 939 951 976 tibi
971 939 1159 977 indicium
1178 941 1350 989 postulas
1370 940 1463 988 dari,

145 1002 253 1050 quod
273 1008 400 1039 tecum
428 1014 506 1039 una
532 1001 675 1047 fecerit,
697 1003 886 1050 concedo,
907 1002 938 1040 si
959 1002 998 1041 id
1019 1004 1102 1051 lege
1122 1002 1373 1051 permittitur:
1404 1004 1463 1042 sin

145 1073 275 1104 autem
308 1066 357 1104 de
388 1065 635 1104 accusatione
666 1065 841 1114 dicimus,
880 1067 1075 1104 concedas
1114 1074 1268 1116 oportet
1299 1067 1357 1116 iis,
1396 1067 1463 1118 qui

152 88 212 126 XI
234 85 301 139 34]

145 1195 202 1236 ing
230 1195 267 1227 of
291 1195 346 1226 the
375 1195 465 1226 word
495 1205 548 1226 see
586 1195 666 1226 Paul
696 1195 770 1226 diac

145 1249 167 1279 p
187 1247 242 1278 151
261 1243 406 1279 manceps
430 1238 550 1268 dicitur
570 1238 628 1278 qui
649 1238 731 1278 quid
750 1249 770 1268 a

140 1281 256 1322 populo
275 1282 350 1311 emit
369 1281 559 1315 conducitve,
575 1282 651 1321 quia
668 1291 771 1311 manu

143 1324 268 1355 sublata
282 1323 445 1365 sigmficat
452 1334 483 1353 se
491 1327 649 1353 auctorem
664 1334 710 1353 em
707 1324 771 1363 pti-

144 1367 215 1398 onis
237 1377 315 1398 esse:
337 1366 499 1407 qui‘z'dem
518 1370 616 1405 praes
637 1366 766 1403 dicitur,

144 1410 220 1450 quia
229 1413 296 1439 tam
308 1409 390 1439 debet
394 1412 561 1449 praeslare
560 1409 680 1449 populo
689 1409 776 1449 quod

137 1453 292 1493 promisit
304 1462 402 1492 quam
425 1452 453 1481 is
479 1451 538 1492 qui
551 1456 615 1492 pro
629 1462 659 1482 eo
674 1457 772 1492 praes

134 1494 247 1536 fizctus
271 1499 322 1533 est,
347 1505 407 1535 pro
432 1493 565 1524 Plancio
586 1496 603 1532 ἓ
625 1493 677 1532 64,
705 1494 771 1525 and

145 1537 200 1569 the
220 1537 461 1568 auction-scene
477 1544 503 1566 11
523 1537 557 1567 in
572 1537 708 1568 Verrem
726 1544 738 1567 Ι
754 1538 771 1575 ἓ

148 1589 204 1619 141
217 1591 227 1618 ς
245 1580 308 1611 and
325 1579 374 1610 for
389 1579 444 1610 the
459 1584 577 1610 matter
592 1579 625 1610 in
640 1580 771 1621 general

148 1623 292 1663 Ramsay
306 1633 352 1663 pp
370 1621 442 1661 238,
463 1631 534 1663 239.
583 1666 588 1672 ”
681 1664 696 1695 f
728 1665 749 1695 h

146 1665 504 1739 ὃίἕίῑῖἕιῖῖίθέἔέπξῖἷιέἳῗ)
521 1665 773 1739 Ιῖῗὲῐὲίέηηῖωῗ

145 1751 178 1781 in
207 1751 307 1790 Sicily
333 1751 412 1789 (not,
439 1761 474 1781 as
500 1751 533 1781 in
556 1751 612 1781 the
638 1761 710 1781 case
738 1750 775 1781 os

145 1794 238 1824 other
259 1793 436 1834 provinces,
459 1797 492 1823 at
515 1793 633 1832 Rome)
650 1794 694 1834 by
717 1793 772 1824 the

147 1836 325 1875 Quaestors
355 1836 459 1866 under
493 1836 547 1866 the
579 1836 771 1867 limitations

145 1879 183 1914 os
203 1879 256 1910 the
283 1879 339 1909 old
365 1879 416 1909 lex
437 1878 612 1909 Hieronica
637 1879 771 1909 Richter

145 1921 243 1953 refers
265 1926 299 1952 to
323 1929 351 1952 ΙΙ
374 1921 408 1952 in
428 1921 564 1952 Verrem
591 1929 635 1952 111
662 1923 697 1960 ἓξ
721 1931 771 1961 14,

149 1965 198 1996 18.

187 2007 230 2038 xi.
264 2007 390 2038 animos
418 2011 512 2047 atque
539 2006 685 2047 impetus]
720 2007 771 2038 his

149 2050 226 2081 ‘fire
263 2050 328 2081 and
365 2049 601 2090 impetuosity'.
655 2050 769 2080 Halm.

146 2093 220 2124 The
235 2093 396 2124 clause=‘
410 2103 445 2123 as
460 2091 701 2132 hush-money'.

191 2145 243 2176 34.
267 2146 333 2166 non
360 2135 561 2173 modo...sed]
589 2135 625 2165 ‘1
649 2136 692 2166 do
714 2140 772 2166 not

146 2178 274 2219 say’...‘
285 2176 368 2209 but'.
407 2178 470 2209 See
486 2178 622 2218 Madvig
637 2179 653 2216 ἓ
668 2177 727 2217 461
738 2179 770 2208 b.

145 2221 218 2252 The
234 2220 301 2251 first
317 2225 492 2252 statement
517 2220 544 2251 is
571 2221 712 2260 rejected
737 2231 772 2252 as

147 2269 202 2296 too
218 2263 322 2294 weak.
369 2263 534 2304 Compare
550 2264 566 2301 ἓ
584 2273 621 2302 27
638 2263 751 2294 above.

188 2306 358 2345 indicium]
380 2306 435 2337 the
451 2306 536 2346 right
552 2311 585 2336 to
601 2316 722 2346 appear
737 2316 773 2336 as

146 2350 252 2382 indat.
299 2349 462 2390 Compare
485 2349 528 2379 ad
543 2349 604 2379 Att
626 2356 652 2379 11
670 2359 709 2388 24
726 2349 740 2386 ἓ
756 2361 775 2388 4

839 1206 927 1226 nunc
941 1206 1013 1226 reus
1027 1200 1097 1227 erat
1109 1196 1200 1236 apud
1215 1197 1368 1227 Crassum
1381 1197 1463 1228 divi-

837 1243 896 1269 tem
915 1239 1032 1269 Vettius
1043 1239 1079 1269 de
1092 1240 1164 1270 viel
1177 1250 1277 1280 quum
1291 1244 1363 1270 esset
1373 1240 1462 1270 dam-

839 1285 936 1311 natus
943 1286 1011 1312 erat
1021 1282 1175 1312 indicium
1182 1283 1415 1322 postulaturus,
1429 1283 1462 1313 in

839 1324 940 1354 Vatin
956 1326 972 1362 ξ
991 1323 1039 1361 26,
1059 1325 1191 1355 Tacitus
1208 1326 1285 1355 Ann
1301 1333 1340 1355 ΧΙ
1358 1334 1395 1365 35
1412 1326 1462 1356 in-

837 1367 958 1397 dicium
978 1367 1154 1407 cff’rentem
1167 1381 1195 1393 =
1207 1368 1320 1408 saying
1335 1368 1405 1399 that
1420 1369 1463 1399 he

839 1420 906 1440 was
921 1410 1020 1450 ready
1035 1415 1069 1440 to
1085 1420 1206 1450 appear
1219 1420 1253 1441 as
1269 1411 1374 1442 index,
1412 1411 1463 1441 in-

838 1453 898 1482 dex
913 1452 1065 1493 properly
1080 1463 1191 1483 means
1207 1463 1268 1483 one
1283 1453 1367 1491 who,
1380 1453 1462 1483 him-

838 1495 902 1525 self
906 1495 1018 1535 guilty,
1027 1501 1115 1525 turns
1126 1505 1167 1525 an
1177 1495 1329 1526 informer
1338 1496 1465 1536 against

838 1538 888 1568 his
918 1538 1142 1578 accomplices‚
1176 1539 1274 1568 much
1309 1538 1376 1569 like
1406 1549 1465 1570 our

842 1581 850 1595 ‘
863 1579 978 1621 King's
1001 1579 1181 1611 evidence'.
1228 1581 1389 1621 Compare
1404 1592 1464 1622 pro

839 1623 916 1654 Mur
944 1626 961 1661 ς’
993 1633 1028 1662 51
1062 1634 1093 1654 se
1116 1624 1465 1665 indicavil=supplied

838 1666 936 1707 proof
962 1666 998 1696 of
1023 1666 1073 1696 his
1103 1676 1177 1697 own
1206 1667 1299 1706 guilt‚
1330 1667 1464 1698 Tacitus

839 1710 916 1739 Ann
929 1716 966 1738 IV
979 1709 1017 1738 28
1034 1709 1130 1739 index
1145 1709 1226 1739 idem
1242 1714 1269 1739 et
1282 1710 1398 1740 testis:
1406 1715 1465 1742 not

838 1752 915 1792 only
931 1751 1105 1792 insonning
1125 1752 1183 1782 but
1206 1752 1322 1793 basing
1342 1753 1393 1783 his
1415 1754 1463 1784 in-

838 1794 1011 1825 formation
1028 1805 1070 1825 on
1082 1795 1131 1825 his
1147 1805 1221 1825 own
1237 1795 1400 1826 evidence.

875 1837 1031 1876 postulas]
1081 1840 1089 1854 ⁴
1101 1836 1241 1878 expect’,
1287 1840 1295 1853 ⁴
1308 1837 1457 1869 claim'=

839 1878 943 1917 ἀξιοῖς.
973 1880 1135 1920 Compare
1146 1880 1280 1911 Plautus
1290 1881 1370 1911 Trin
1383 1891 1465 1913 1020

838 1923 923 1953 inter
944 1933 1032 1953 eosne
1057 1923 1201 1954 homines
1229 1924 1411 1954 condalium
1437 1929 1468 1954 te

839 1966 985 2006 redipisci
992 1966 1137 2005 postulas
1147 1966 1164 1997 ,9
1207 1966 1273 1997 For
1290 1966 1345 1997 the
1360 1977 1417 1997 use
1432 1966 1470 1997 of

838 2008 893 2038 the
917 2009 1006 2038 word
1029 2008 1108 2039 with
1130 2019 1150 2039 a
1170 2008 1340 2049 following
1359 2009 1464 2040 infini-

839 2051 905 2081 tive
930 2051 1066 2081 Tischer
1092 2061 1260 2092 compares
1284 2052 1325 2082 de
1349 2057 1420 2084 orat
1450 2059 1464 2083 1

838 2095 854 2132 ἓ
875 2103 945 2130 101,
962 2095 1103 2134 111§91‚
1120 2094 1162 2124 de
1177 2093 1222 2124 fin
1239 2102 1281 2124 111
1297 2096 1314 2132 ξ
1332 2096 1382 2133 58.

882 2137 1021 2175 concedo]
1044 2136 1181 2168 without
1203 2147 1266 2177 any
1282 2137 1389 2177 object
1411 2148 1464 2168 ex-

839 2179 980 2219 pressed,
992 2182 1036 2204 :⁴
1053 2179 1069 2209 Ι
1099 2190 1153 2210 am
1181 2180 1281 2220 ready
1306 2186 1340 2210 to
1369 2180 1467 2211 make

839 2232 912 2262 way
926 2222 976 2252 sor
990 2221 1079 2262 you’.
1127 2222 1171 2253 So
1187 2233 1246 2263 pro
1269 2223 1345 2253 Mur
1362 2224 1395 2262 ἓξ
1410 2231 1462 2263 47,

843 2272 894 2303 57,
913 2265 954 2295 de
970 2264 1014 2294 fin
1030 2272 1071 2294 111
1087 2266 1103 2302 ξ
1123 2275 1147 2295 1.

883 2307 912 2337 si
920 2307 956 2337 id
962 2308 1023 2346 lege
1026 2307 1239 2347 permittitur]
1255 2307 1346 2339 these
1357 2309 1466 2339 words

841 2350 936 2390 p‘oint
966 2355 1000 2380 to
1030 2360 1120 2381 some
1146 2350 1320 2381 limitation
1346 2351 1380 2382 in
1410 2351 1466 2383 the
