1669 2531
269 115 313 148 02
709 106 784 142 IN
819 105 853 142 C
897 106 1147 142 VERREM

346 191 415 226 Xl.
473 203 576 227 nunc
606 202 688 239 ego,
717 189 875 235 iudices,
898 189 971 228 iam
992 204 1061 228 vos
1090 192 1251 228 consulo
1279 191 1374 240 quid
1401 190 1496 229 mihi
1523 192 1572 229 fa-

265 252 448 290 ciendum
495 253 647 302 putetis.
724 253 761 291 id
800 253 902 291 enirn
939 253 1088 292 consilii
1126 253 1219 290 mihi
1257 255 1430 302 profecto
1466 253 1571 292 taciti

266 315 417 361 dabitis,
440 317 545 364 quod
567 324 719 365 egomet
748 316 841 353 mihi
870 316 1085 354 necessario
1114 316 1347 365 capiendum
1376 317 1569 366 intellego.

266 377 296 415 si
323 386 407 415 utar
430 380 479 416 ad
501 379 710 417 dicendum
732 394 819 418 meo
839 380 1010 429 legitimo
1040 387 1223 428 tempore,
1245 379 1320 417 mei
1341 379 1492 426 laboris,
1519 381 1571 418 in-

267 441 434 479 dustriae
472 443 770 492 diligentiaeque
809 444 959 492 capiam
1003 444 1168 481 fructum
1209 456 1256 481 ex
1301 443 1569 482 accusatione:

265 505 459 553 perficiam
500 515 540 544 ut
578 520 694 545 nemo
732 521 916 556 umquam
963 515 1050 556 post
1096 506 1298 544 hominum
1345 507 1569 545 memoriam

264 569 440 617 paratior,
478 570 703 619 vigilantior,
739 571 990 619 compositior
1022 571 1071 608 ad
1114 571 1299 608 iudicium
1332 571 1482 610 venisse
1521 573 1571 609 vi-

264 633 408 670 deatur.
467 635 534 672 sed
556 634 592 671 in
614 635 686 672 hac
706 636 818 672 laude
846 619 1052 672 indTlstriae
1083 648 1190 673 meae
1220 649 1304 673 reus
1329 648 1378 673 ne
1401 637 1572 674 elabatur

263 710 457 735 summum
479 698 691 747 periculum
716 707 782 736 est.
839 699 934 747 quid
953 706 1011 736 est
1035 698 1148 747 igitur
1178 700 1284 748 quod
1313 699 1392 737 fieri
1420 700 1571 748 possit?

197 765 245 802 33
263 774 339 798 non
371 762 590 808 obscurum,
622 762 769 810 opinor,
802 774 928 810 neque
965 762 1245 800 absconditum.
1304 776 1364 811 33.
1404 764 1568 801 fructum

263 823 376 861 istum
398 825 532 870 laudis,
555 826 619 873 qui
640 838 686 862 ex
706 833 890 874 perpetua
916 824 1088 862 oratione
1117 825 1260 874 percipi
1281 825 1417 874 potuit,
1439 826 1477 863 in
1496 826 1570 864 alia

262 896 436 936 tempora
456 901 717 940 reservgnus:
746 901 850 925 nunc
878 887 1077 925 hominem
1106 888 1245 926 tabulis
1271 889 1432 927 testibus
1452 888 1570 938 priva-

261 951 308 988 tis
346 950 587 1000 publicisque
625 951 757 989 litteris
798 951 1167 1000 auctoritatibusque
1210 965 1445 990 accusemus.
1511 965 1569 990 res
1593 949 1605 990 l.

262 1014 386 1051 omnis
418 1014 511 1051 mihi
549 1022 676 1051 tecum
715 1014 795 1060 erit,
837 1013 1033 1051 Hortensi.
1102 1014 1229 1052 dicam
1263 1024 1402 1065 aperte.
1471 1016 1501 1054 si
1531 1024 1569 1054 te
1600 1015 1606 1067 l

261 1089 414 1114 mecum
446 1077 612 1115 dicendo
643 1091 688 1114 ac
718 1077 910 1115 diluendis
939 1077 1162 1115 criminibus
1191 1077 1228 1115 in
1256 1079 1327 1116 hac
1347 1092 1462 1117 causa
1481 1093 1562 1117 con·
1603 1086 1618 1094 “’

261 1141 417 1178 tendere
438 1148 622 1189 putarem,
646 1154 717 1190 ego
741 1154 898 1190 quoque
924 1140 959 1178 in
992 1142 1211 1179 accusando
1240 1149 1356 1190 atque
1385 1142 1424 1179 in
1453 1143 1567 1192 expli-

260 1203 393 1241 candis
431 1203 653 1241 criminibus
691 1217 848 1253 operam
886 1218 1166 1243 consumerem.
1234 1218 1339 1242 nunc
1383 1206 1567 1254 quoniam

260 1281 428 1317 pugnare
459 1277 593 1306 contra
618 1282 679 1306 me
709 1269 903 1306 instituisti
933 1282 1011 1306 non
1040 1276 1118 1306 tam
1146 1282 1192 1307 ex
1212 1277 1277 1307 tua
1297 1278 1431 1307 natura
1451 1283 1566 1319 quam

260 1342 307 1370 ex
327 1332 434 1370 istius
454 1339 627 1381 tempore
647 1340 685 1370 et
705 1345 821 1370 causa
841 1332 1039 1379 malitiose,
1061 1345 1219 1370 necesse
1248 1340 1305 1370 est
1334 1332 1440 1370 istius
1461 1333 1566 1370 modi
1596 1351 1601 1374 ι

1425 103 1499 156 [Xl
1521 118 1568 153 32

260 1453 425 1493 presiding
441 1454 470 1481 in
487 1462 505 1482 a
517 1452 650 1492 quaestio
653 1456 802 1492 papolus?
816 1462 881 1481 was

261 1501 316 1525 not
347 1504 467 1525 sworn:
503 1495 552 1524 his
581 1494 710 1534 general
741 1494 816 1524 oath
849 1494 885 1524 of

261 1538 352 1568 office
379 1538 475 1577 being
499 1537 687 1566 considered
712 1536 877 1567 sufficient.

262 1581 369 1610 When
386 1581 536 1610 however
558 1580 664 1619 owing
688 1584 721 1609 to
742 1590 829 1619 press
848 1579 884 1609 of

261 1623 405 1653 crimina]
431 1622 575 1652 business
601 1632 643 1651 no
668 1628 795 1662 praetor
816 1632 880 1651 was

261 1666 428 1702 available,
449 1675 467 1694 a
490 1665 583 1694 iudex
604 1665 791 1704 qztaeslz'om's
816 1675 880 1694 was

261 1708 436 1749 appointed
450 1715 483 1737 to
497 1707 638 1747 preside:
664 1707 766 1737 either
778 1707 878 1747 might

260 1751 301 1781 be
317 1751 418 1781 called
435 1751 590 1790 qnaesilor
611 1750 665 1780 but
683 1749 737 1780 the
753 1757 881 1789 praetor

260 1794 287 1824 is
312 1804 408 1824 never
432 1793 533 1823 called
561 1793 655 1822 iudex
681 1793 878 1832 qumslsom's.

260 1837 331 1866 'she
355 1836 448 1866 index
473 1835 660 1876 quaestionis
685 1845 749 1865 was
776 1845 880 1865 sworn

260 1880 332 1919 (pro
349 1879 465 1909 Cluent
484 1880 499 1915 ἓ
518 1878 569 1918 91)
587 1878 650 1907 and
668 1888 732 1907 was
755 1884 810 1907 not
835 1888 879 1907 re-

258 1921 379 1961 garded
410 1932 444 1951 as
471 1931 489 1950 a
520 1921 727 1959 magistratus
754 1920 833 1957 (ibid
864 1921 880 1957 ξ

259 1965 323 2005 39).
364 1963 532 2003 Rainsay’s
548 1963 764 1993 introduction
781 1968 814 1992 to
827 1963 880 1993 the

258 2018 317 2047 pro
334 2007 492 2037 Cluentio.

301 2050 342 2079 xi.
391 2049 426 2079 id
437 2048 538 2086 enim]
563 2048 591 2085 (Ι
610 2058 682 2088 may
695 2047 737 2077 do
753 2058 788 2077 so
802 2047 879 2078 with

257 2092 457 2130 confidence)
476 2091 561 2121 sor...

299 2135 433 2175 lzgt'limo
462 2132 605 2173 tempore]
637 2137 757 2172 twenty
786 2133 875 2172 days,

256 2178 429 2217 according
445 2182 477 2207 to
494 2176 548 2207 the
567 2175 735 2206 Scholiast.

289 2221 439 2260 fructum
464 2230 502 2249 ex
523 2218 730 2256 accusatione]
756 2217 769 2247 I
796 2217 877 2248 have

256 2263 406 2293 followed
417 2262 495 2292 Mad
502 2272 551 2302 vig
563 2273 577 2291 s
587 2261 762 2291 correction
773 2262 877 2300 (opus-

256 2306 354 2346 cula):
378 2304 644 2344 vulgosruclum,
660 2308 687 2332 et
700 2313 737 2332 ex
752 2313 874 2332 aalma·

254 2349 336 2378 lione
350 2347 525 2396 pecficiam.
572 2345 673 2376 Guelf
692 2356 708 2376 2
733 2345 829 2376 omits
850 2349 878 2376 et

948 1452 1011 1481 and
1027 1461 1064 1481 cx
1080 1462 1113 1482 re
1127 1452 1273 1492 pm'ficcre
1286 1455 1322 1481 ut
1338 1451 1374 1483 is.
1392 1462 1426 1481 as
1448 1452 1567 1491 Zumpt

947 1494 1106 1530 observes,
1127 1504 1146 1524 a
1164 1495 1279 1534 phrase
1295 1494 1331 1524 of
1339 1495 1563 1535 questionable

948 1537 1098 1576 Latinity.

989 1579 1194 1619 [anepos-issar]
1226 1579 1323 1609 ‘with
1350 1584 1466 1610 matter
1496 1579 1564 1609 bet-

948 1622 994 1652 ter
1030 1622 1184 1662 arranged
1198 1621 1215 1658 ’,
1247 1632 1282 1651 so
1315 1628 1423 1652 orator
1456 1623 1472 1658 ξ
1506 1631 1564 1660 ²32

946 1665 1104 1704 compositi
1134 1665 1278 1694 oratoris.
1334 1664 1508 1703 compositio
1539 1665 1564 1694 is

947 1707 1002 1737 the
1026 1707 1184 1737 technical
1207 1712 1286 1736 term
1308 1706 1340 1736 in
1363 1707 1500 1737 rhetoric
1517 1707 1565 1736 for

947 1755 1180 1789 arrangement,
1198 1749 1389 1789 disposition
1402 1749 1438 1779 of
1450 1755 1565 1780 matter

946 1792 1009 1822 and
1031 1792 1145 1829 words,
1172 1792 1205 1822 cf
1224 1792 1265 1821 de
1288 1796 1358 1822 orat
1386 1799 1428 1821 111
1448 1793 1464 1830 ἓ
1491 1802 1561 1829 200,

948 1835 1127 1874 Quintilian
1145 1842 1182 1864 lx
1201 1846 1228 1870 4.

989 1887 1038 1916 33.
1084 1876 1194 1915 istum]
1217 1886 1270 1907 see
1294 1876 1429 1917 Madvig
1454 1875 1560 1916 §486‚

946 1919 1000 1950 iste
1013 1920 1091 1950 used
1114 1919 1187 1950 osa
1210 1919 1302 1959 thing
1323 1929 1372 1950 we
1394 1919 1476 1950 have
1491 1930 1561 1949 our-

945 1963 1047 1993 selves
1087 1962 1228 2001 recently
1270 1961 1454 1992 mentioned
1498 1962 1560 1991 and

946 2005 1038 2035 think
1065 2005 1102 2035 of
1124 2015 1158 2035 as
1184 2015 1272 2035 inore
1299 2010 1438 2035 remote:
1472 2004 1561 2034 ‘that

945 2048 1038 2078 meed
1062 2047 1099 2077 os
1117 2047 1220 2087 praise
1238 2047 1353 2086 (which
1375 2057 1448 2077 now
1463 2046 1490 2076 is
1505 2057 1562 2077 un-

944 2088 1114 2130 desirable)
1132 2090 1176 2120 let
1198 2100 1234 2119 us
1257 2099 1381 2120 reserve
1403 2089 1452 2119 sor
1474 2089 1565 2120 other

944 2133 1038 2163 times
1054 2133 1131 2162 than
1148 2132 1236 2162 these
1247 2130 1265 2160 '-

988 2174 1089 2214 mmc]
1099 2179 1105 2191 ⁶
1115 2185 1148 2205 as
1159 2175 1181 2205 it
1189 2175 1214 2205 is
1224 2175 1241 2210 '‚
1252 2173 1376 2214 usually
1384 2184 1471 2203 nunc
1481 2184 1560 2204 vero.

986 2228 1023 2247 ex
1048 2219 1138 2248 istaes
1162 2222 1294 2256 tempore
1315 2222 1343 2246 et
1366 2216 1476 2254 causa]
1512 2217 1563 2246 ‘to

943 2260 1004 2290 suit
1021 2260 1075 2290 the
1091 2259 1259 2300 extremity
1283 2258 1320 2289 of
1337 2269 1418 2299 your
1440 2258 1563 2289 client's

941 2302 1037 2333 case’.

985 2344 1148 2383 malitiose]
1197 2342 1399 2384 ‘knavishly‘
1452 2343 1502 2374 ‘in
1542 2353 1563 2374 a
