1669 2531
225 102 274 138 32
622 94 699 131 IN
732 93 768 142 Q
809 94 1151 133 CAECJLJUM

224 188 340 225 saepe
359 175 399 214 in
418 177 614 216 contrariis
635 178 759 216 causis
778 178 917 217 versati
937 188 1082 218 sumus.

1349 94 1464 148 [XIV
1481 105 1531 146 45

1137 178 1192 217 ita
1219 187 1354 218 contra
1381 193 1445 220 me
1472 181 1538 220 ille

225 238 341 286 dicet,
362 239 538 288 quamvis
559 240 608 278 sit
627 240 861 290 ingeniosus,
890 248 933 280 ut
960 255 1040 280 non
1069 242 1218 279 nullum
1247 242 1361 280 etiam
1390 244 1439 282 de
1466 257 1538 283 suo

153 305 205 346 ‚45
225 302 382 352 ingenio
402 303 588 342 iudicium
607 305 689 343 fieri
708 305 921 344 arbitretur.

979 314 1017 344 te
1036 319 1138 353 vero,
1161 306 1318 354 Caecili,
1347 320 1464 356 quem
1487 308 1538 346 ad

223 368 388 405 modum
414 368 463 406 sit
487 369 672 416 elusurus,
701 382 819 418 quam
845 369 953 408 omni
982 370 1130 408 ratione
1158 369 1375 418 iactaturus,
1407 371 1539 410 videre

223 430 300 468 iam
319 431 476 480 videor,
508 433 686 481 quotiens
715 433 778 472 ille
806 433 876 472 tibi
903 441 1136 483 potestatem
1164 433 1440 484 optionemque
1464 436 1539 473 fac-

223 503 329 533 turus
358 495 418 542 sit,
448 503 491 534 ut
511 496 627 546 eligas
654 504 782 535 utrum
807 498 927 537 velis:
957 499 1103 536 factum
1133 510 1216 536 esse
1238 511 1374 545 necne,
1404 511 1537 538 verum

222 571 306 596 esse
329 571 379 596 an
404 560 567 597 falsum:
598 566 727 597 utrum
750 560 903 608 dixeris,
929 560 970 599 id
1002 568 1137 599 contra
1165 568 1204 599 te
1234 561 1413 598 futurum.
1471 561 1536 611 qui

221 622 293 661 tibi
317 630 456 671 aestus,
484 623 550 673 qui
580 637 694 673 error,
719 638 818 674 quae
847 627 1039 673 tenebrae,
1069 625 1111 663 di
1137 625 1386 673 immortales,
1412 633 1534 674 erunt,

224 740 351 775 menter,
378 736 414 766 in
436 747 497 777 quo
520 747 585 767 non
609 742 711 768 motus
727 737 778 767 lzic
793 737 849 768 Iza-

223 780 292 809 beat
304 779 502 819 palaestram
525 781 689 820 quandam
708 785 744 810 ut
759 781 849 820 quid-

222 823 303 862 quid
324 822 360 852 in
385 823 436 852 lu's
459 823 548 853 rebus
565 823 636 863 fiat
657 823 780 853 utiliter
807 823 854 853 ad

215 870 367 905 pugnam
386 865 467 895 idem
490 865 536 895 ad
553 865 732 905 adspectum
754 865 847 896 etiam

222 908 263 938 sit
277 912 464 938 venustum:
484 907 528 937 sic
541 909 640 938 oratio
652 919 705 938 nec
716 909 847 948 plagam

218 961 349 991 gravem
387 951 450 980 acit
471 950 537 980 nisi
554 951 659 990 petitio
670 950 745 991 fnit
758 956 843 990 apta,

223 1003 277 1024 nec
305 994 383 1023 satis
411 997 487 1023 recte
519 993 655 1023 declinat
682 994 844 1033 impetum,

223 1036 290 1066 nisi
308 1036 402 1066 ettam
425 1036 461 1066 in
487 1036 616 1066 cedendo
644 1036 724 1076 quid
750 1036 851 1066 deceat

221 1079 379 1118 intellegit,
395 1079 428 1108 in
453 1078 538 1109 Catil
558 1086 569 1108 Ι
586 1080 602 1116 ἕ
621 1085 667 1118 Ῑ5;
714 1079 779 1109 For
795 1079 849 1109 the

223 1121 315 1161 rapid
340 1121 464 1161 change
488 1121 525 1151 of
546 1121 716 1162 metaphor
736 1121 769 1151 in
792 1122 847 1152 the

222 1169 350 1237 Ρῑεὲθῃῖ
366 1174 500 1205 passage
515 1174 666 1205 compare
688 1174 747 1205 pro
771 1164 848 1195 Mur

254 1219 412 1288 4rationes]
455 1249 506 1280 his
542 1259 639 1290 ways,
680 1249 840 1287 methods,

222 1293 335 1323 modes
359 1292 396 1323 of
417 1292 579 1333 pleading.
630 1292 790 1333 Compare
806 1293 847 1323 de

222 1340 292 1366 orat
308 1343 336 1365 11
355 1336 371 1372 ἕ
410 1345 449 1374 92
468 1345 534 1365 mea
553 1339 659 1365 antem
675 1335 758 1366 ratio
772 1335 847 1365 llaec

222 1389 280 1408 esse
294 1379 329 1408 in
345 1378 472 1408 dicendo
486 1378 565 1408 solet.

264 1421 412 1461 quamvis
435 1421 477 1451 sit
501 1420 696 1461 ingeniosus]
727 1419 777 1451 for
802 1420 846 1450 all

222 1464 272 1494 his
296 1464 407 1494 talent.
452 1464 601 1504 quamvis
624 1473 727 1494 seems
749 1473 847 1493 never

222 1513 256 1537 to
272 1506 339 1537 lose
362 1506 407 1536 all
429 1510 515 1537 traee
542 1505 579 1536 of
599 1506 639 1536 its
666 1506 845 1536 connexion

222 1549 301 1580 with
316 1550 393 1579 volo.
432 1548 476 1579 So
494 1547 542 1588 (as
558 1549 588 1579 in
603 1559 661 1589 pro
676 1548 751 1578 Mur
763 1550 779 1586 ξ
792 1550 845 1587 83)

222 1602 270 1622 we
287 1591 354 1622 find
369 1591 454 1632 quod
465 1592 573 1622 velis:
583 1591 721 1631 quodvis.

264 1635 407 1673 z'ta...ut]
430 1634 525 1665 when
547 1634 705 1674 speaking
727 1644 769 1664 on
791 1633 846 1664 the

222 1677 370 1718 opposite
395 1677 463 1708 side
490 1682 523 1708 to
549 1687 601 1707 me
625 1676 666 1707 he
693 1676 760 1706 will
789 1682 846 1707 not

221 1720 324 1760 forget
339 1720 409 1750 that
426 1720 441 1750 I
458 1730 511 1750 am
526 1729 546 1750 a
565 1720 572 1734 ‘
583 1719 711 1750 soeman
723 1719 848 1759 worthy

223 1762 259 1792 of
271 1763 320 1793 his
341 1762 444 1800 steel',
471 1763 536 1793 and
558 1762 659 1793 hence
682 1761 748 1792 will
771 1762 846 1793 take

222 1816 293 1836 care
309 1810 365 1836 not
381 1810 414 1836 to
430 1810 488 1846 put
504 1810 583 1835 trust
606 1805 639 1835 in
662 1804 716 1835 the
739 1814 847 1845 super-

222 1847 307 1878 ficial
332 1848 459 1878 deviees
488 1848 605 1886 which,
639 1847 763 1887 though
792 1852 847 1878 too

222 1890 319 1921 much
342 1890 391 1921 for
418 1890 587 1928 Caecilius,
614 1890 719 1930 might
745 1889 773 1920 if
794 1899 846 1920 ex-

222 1933 324 1974 posed
350 1933 396 1970 (as
419 1933 463 1972 by
486 1943 539 1963 me
567 1933 643 1973 they
662 1932 771 1963 would
792 1933 846 1971 be)

222 1976 294 2006 ruin
309 1975 359 2006 his
374 1975 522 2016 prestige.

265 2018 450 2056 arbitretur]
473 2022 530 2048 not
551 2017 772 2048 arbitraturus
793 2017 842 2055 sit,

223 2071 259 2091 as
281 2061 379 2101 being
405 2060 636 2091 simultaneous
658 2060 738 2090 with
759 2060 846 2090 dicet.

225 2104 270 2135 So
285 2105 302 2141 ἓ
318 2113 359 2142 50
375 2103 585 2144 respondeam.
637 2102 748 2133 Halm.

266 2155 318 2184 45.
342 2144 503 2186 clusuras]
527 2156 579 2176 see
595 2155 638 2176 on
656 2146 672 2182 ἓ
691 2155 739 2181 24·

265 2187 457 2229 iactaturus]
480 2188 554 2219 how
565 2188 606 2219 he
622 2187 688 2218 will
704 2193 769 2218 toss
784 2198 849 2228 you

224 2231 332 2269 about,
353 2231 441 2262 drive
456 2241 520 2270 you
535 2231 612 2261 here
627 2230 692 2260 and
707 2231 797 2261 there
815 2231 848 2261 in

224 2274 279 2304 the
302 2284 412 2305 course
427 2273 465 2304 of
485 2273 535 2304 his
550 2277 727 2313 argument.
776 2273 849 2304 The

224 2316 403 2356 prevailing
417 2316 530 2347 notion
546 2317 573 2346 is
588 2315 657 2346 that
673 2315 709 2346 of
721 2315 849 2356 leaving

224 2359 292 2390 him
321 2369 364 2390 no
390 2363 463 2398 rest,
491 2369 572 2391 even
597 2368 632 2389 as
656 2358 690 2389 in
716 2358 848 2399 Virgil's

914 738 1072 769 ‘multum
1102 738 1155 769 ille
1182 742 1211 769 et
1238 738 1333 770 terris
1355 738 1490 770 iactatus
1510 743 1539 770 et

910 781 999 811 allo'.
1036 782 1098 812 We
1112 781 1218 812 rather
1233 792 1289 822 say
1309 783 1316 796 ‘
1327 782 1401 812 how
1413 782 1454 813 he
1470 782 1537 813 will

911 829 965 864 get
980 834 1044 864 you
1060 824 1127 854 into
1144 834 1162 854 a
1178 822 1314 855 corner'.

953 866 1056 897 videre
1068 865 1187 906 videor]
1211 877 1246 897 so
1263 866 1303 898 de
1320 866 1363 897 fin
1378 874 1402 897 V
1414 868 1430 906 ἓ
1446 879 1475 907 4,
1495 867 1537 899 de

911 914 967 940 nat
989 910 1068 940 deor
1084 911 1127 947 1§
1147 908 1216 946 106,
1236 910 1277 940 de
1301 910 1390 940 divin
1414 918 1425 940 1
1445 911 1461 947 ἓ
1479 909 1530 949 46,

911 952 1040 982 Laelius
1057 953 1073 989 ἓ
1092 962 1143 990 41,
1169 952 1234 982 Ter
1258 952 1390 993 Adelph
1413 953 1474 992 384
1489 953 1536 983 vi-

912 995 982 1025 dere
1002 995 1110 1025 videar
1133 995 1200 1025 iam
1223 995 1303 1025 diem
1327 995 1420 1024 illum
1441 1005 1535 1035 quom

911 1037 986 1067 lzinc
1007 1047 1095 1077 egens
1113 1037 1276 1077 profitgz‘et
1294 1038 1401 1078 aliquo
1417 1038 1535 1067 milita-

911 1085 992 1110 tum.
1030 1080 1056 1109 F
1059 1090 1096 1110 or
1118 1080 1173 1110 the
1197 1079 1396 1110 ὑποτύπωσις
1414 1079 1535 1120 (rerum

912 1122 1006 1163 quasi
1015 1126 1174 1163 gerantur
1192 1123 1250 1152 sub
1268 1126 1424 1162 aspectum
1434 1127 1538 1163 paene

912 1165 1065 1202 subiectio)
1092 1165 1226 1195 Richter
1240 1165 1337 1196 refers
1353 1170 1386 1195 to
1402 1166 1443 1196 de
1466 1170 1536 1196 orat

912 1215 955 1238 111
974 1209 990 1245 ἓ
1009 1217 1079 1245 202,
1096 1208 1277 1247 Quintilian
1294 1215 1333 1238 1x
1349 1217 1366 1237 2
1384 1209 1400 1245 ξ
1416 1218 1467 1247 41.

947 1254 1125 1290 potestatem
1141 1249 1364 1291 optionemque]
1385 1260 1536 1291 compare

912 1293 945 1323 in
962 1293 1061 1324 Vatin
1076 1294 1092 1331 ξ
1109 1303 1150 1331 40
1165 1303 1210 1323 an
1232 1293 1292 1323 erit
1313 1293 1387 1323 lzaec
1408 1293 1488 1333 optio
1509 1297 1538 1323 et

904 1340 1039 1377 potestas
1053 1340 1122 1372 tua,
1139 1339 1176 1366 ut
1189 1335 1274 1366 dicas
1278 1359 1355 1366 ......
1371 1335 1387 1366 ,9

955 1379 1063 1419 elzgas]
1087 1379 1257 1409 Hotoman
1287 1377 1377 1418 aptly
1403 1388 1472 1408 sees
1501 1377 1536 1409 in

912 1421 976 1452 this
1018 1431 1152 1462 passage
1189 1431 1208 1451 a
1243 1421 1413 1461 metaphor
1452 1420 1534 1451 from

913 1464 1087 1504 champion
1111 1463 1242 1504 fighters
1265 1463 1339 1493 who
1364 1473 1417 1493 are
1446 1469 1535 1494 wont

912 1511 946 1537 to
977 1507 1035 1537 ask
1065 1506 1148 1537 their
1177 1506 1374 1536 adversaries
1409 1505 1536 1536 ‘where

911 1549 979 1579 will
994 1559 1058 1589 you
1073 1549 1155 1579 have
1172 1549 1195 1578 it
1205 1548 1227 1578 ?⁷
1263 1548 1312 1578 As
1328 1558 1347 1578 a
1362 1547 1534 1579 rhetorical

911 1591 1012 1632 figure
1036 1592 1061 1622 it
1086 1592 1113 1622 is
1143 1590 1248 1622 called
1273 1590 1476 1629 διλήμματον,
1501 1591 1534 1621 in

912 1635 952 1665 de
969 1634 1078 1665 invent
1095 1642 1105 1664 Ι
1122 1634 1156 1671 ἓξ
1174 1643 1298 1672 44—45
1318 1644 1419 1674 genus
1436 1644 1533 1673 argu-

912 1677 1078 1707 mentandi
1083 1682 1146 1717 per
1154 1676 1402 1715 complexionem,
1416 1676 1450 1706 in
1459 1680 1533 1706 auct

911 1720 953 1750 ad
977 1720 1112 1750 Herenn
1136 1727 1171 1749 IV
1192 1720 1208 1757 §
1233 1727 1272 1757 52
1300 1718 1421 1748 divisio.
1471 1719 1534 1750 See

913 1762 1095 1802 Quintilian
1111 1769 1133 1791 V
1154 1772 1191 1792 10
1208 1762 1224 1799 ξ
1243 1760 1294 1802 69.
1319 1760 1432 1791 Halm.
1465 1762 1533 1800 §58

911 1805 1018 1835 below
1031 1805 1056 1835 is
1069 1815 1087 1835 a
1099 1805 1186 1844 good
1197 1805 1340 1834 instance
1352 1804 1389 1834 of
1399 1803 1454 1834 the
1463 1814 1531 1835 use.

953 1852 1063 1878 contra
1079 1848 1117 1886 te]
1141 1858 1176 1877 so
1200 1846 1381 1886 Quintilian
1403 1856 1476 1887 says
1498 1850 1536 1876 ut

911 1894 1023 1921 utrum
1038 1890 1159 1930 elegerit
1173 1893 1288 1920 noceat.

955 1933 1069 1971 aestus]
1092 1932 1241 1972 heaviug,
1266 1930 1532 1971 agitation=em-

910 1975 1135 2006 barrassmeut.
1168 1975 1240 2005 The
1255 1974 1426 2014 metaphor
1440 1973 1466 2004 is
1478 1973 1533 2004 the

911 2029 1000 2049 same
1030 2029 1064 2048 as
1097 2018 1131 2048 in
1157 2017 1247 2057 Verg
1277 2017 1350 2046 Aen
1383 2023 1437 2046 XII
1468 2015 1532 2054 486

911 2061 1003 2091 vario
1018 2061 1210 2101 nequiquam
1222 2059 1367 2100 fluctuat
1381 2063 1476 2095 aestu,
1495 2065 1533 2088 lv

914 2113 930 2144 5
937 2113 985 2142 32,
1004 2111 1073 2134 V111
1095 2112 1144 2144 19,

953 2146 1057 2184 error]
1080 2144 1278 2185 wandering,
1293 2143 1506 2184 uncertainty.

953 2188 1104 2226 tenebrae]
1121 2187 1286 2224 darkness,
1296 2186 1459 2216 dizziness.
1487 2185 1533 2217 So

912 2231 954 2262 ad
978 2231 1039 2262 Att
1063 2238 1118 2261 vu
1140 2239 1173 2261 11
1200 2229 1216 2266 ξ
1243 2239 1256 2260 1
1284 2228 1365 2269 quid
1384 2228 1440 2258 hoc
1464 2228 1533 2259 est?

910 2277 970 2304 aut
989 2273 1071 2314 quid
1087 2272 1223 2314 agitur?
1244 2271 1328 2302 milzz·
1346 2271 1431 2301 enim
1453 2274 1532 2301 tene-

914 2317 988 2347 brae
1010 2319 1098 2346 sunt.
1143 2315 1304 2355 Compare
1333 2313 1388 2344 the
1416 2313 1534 2355 phrase

913 2359 1053 2390 tenebras
1066 2357 1227 2399 effundere
1239 2356 1348 2387 alicui.
