1669 2531
203 72 248 107 16
594 72 673 108 IN
706 71 741 119 Q
784 70 1128 109 CAECJLJUM
1365 70 1438 124 [VI
1462 86 1504 109 21

131 159 173 197 21
198 163 374 194 tunarum
395 170 559 203 suarum,
587 158 748 194 alterum
768 159 883 206 plane
904 159 1018 196 nolle.
1076 171 1143 195 cur
1170 159 1305 206 nolint,
1336 158 1450 197 etiam
1479 160 1510 198 si

197 225 361 266 taceant,
391 219 480 257 satis
501 219 636 257 dicunt
651 234 659 265 3
687 233 819 258 verum
847 234 927 258 non
956 228 1108 259 tacent:
1137 228 1268 259 tamen
1296 221 1340 260 iis
1368 222 1510 260 invitis-

197 281 303 320 simis
324 290 361 320 te
382 284 547 321 offeres?
577 290 706 320 tamen
727 282 766 320 in
786 283 911 321 aliena
930 297 1046 322 causa
1073 285 1263 333 loquere?
1294 298 1421 323 „amen
1442 297 1509 323 eos

198 347 393 393 defendes,
425 347 490 396 qui
519 360 559 385 se
587 348 637 385 ab
666 348 845 386 omnibus
876 349 1046 386 desertos
1072 348 1201 398 potius
1230 362 1346 398 quam
1373 351 1443 387 abs
1472 357 1510 387 te

197 410 377 447 defensos
398 423 480 447 esse
506 411 683 447 malunt?
712 417 840 448 tamen
869 411 913 449 iis
945 425 1102 461 operam
1131 419 1236 449 tuam
1265 411 1508 461 pollicebere,

198 473 263 522 qui
284 480 321 511 te
341 487 468 522 neque
487 475 586 512 velle
610 487 679 511 sua
704 488 818 513 causa
839 489 920 522 nec,
953 476 984 514 si
1013 468 1156 526 cupias,
1186 490 1301 526 posse
1329 477 1511 515 arbitran-

197 540 284 576 tur?
324 551 392 575 cur
411 551 543 576 eorum
560 551 668 587 spem
684 539 861 589 exiguam
877 541 1108 590 reliquarum
1128 543 1375 589 fortunarum,
1394 555 1510 591 quam

197 601 342 639 habent
362 601 401 638 in
421 601 514 650 legis
535 609 572 639 et
592 601 631 639 in
651 602 782 640 iudicii
803 605 1002 643 severitate
1022 605 1198 654 positam,
1220 605 1257 642 vi
1286 612 1510 654 extorquere

198 666 380 704 conaris?
420 679 487 703 cur
515 674 553 704 te
581 666 794 716 interponis
825 667 1059 707 invitissimis
1088 669 1145 716 iis,
1176 669 1315 718 quibus
1344 669 1511 708 maxime

197 731 258 767 lex
287 732 507 768 consultum
537 744 620 769 esse
648 733 760 770 vult?
797 745 863 769 cur
891 733 940 770 de
969 732 1109 782 quibus
1137 733 1176 770 in
1206 733 1403 782 provincia
1430 747 1508 771 non

199 795 346 844 optime
367 809 407 833 es
427 795 596 843 meritus,
627 809 694 834 eos
720 809 825 833 nunc
844 797 959 845 plane
978 797 1140 835 fortunis
1160 797 1342 836 omnibus
1362 798 1511 836 conaris

199 863 398 898 evertere?
426 874 494 898 cur
514 860 558 898 iis
578 873 659 898 non
678 861 798 898 modo
819 861 1077 910 persequendi
1097 861 1185 900 iuris
1206 861 1275 909 sui,
1306 862 1374 900 sed
1395 863 1511 900 etiam

130 927 177 963 22
200 923 460 972 deplorandae
480 923 708 961 calamitatis
727 923 867 961 adimis
887 926 1148 973 potestatem?
1201 938 1291 962 nam
1321 933 1358 963 te
1382 933 1511 964 actore

199 999 315 1035 quem
346 999 478 1024 eorum
508 987 731 1024 adfuturum
762 994 885 1035 putas,
925 1000 1022 1036 quos
1050 987 1238 1037 intellegis
1267 1001 1347 1026 non
1375 996 1417 1027 ut
1444 1003 1512 1038 per

198 1058 236 1087 te
265 1050 393 1096 alium,
429 1050 497 1088 sed
531 1057 573 1087 ut
606 1062 675 1098 per
707 1049 827 1087 alium
860 1050 1029 1100 aliquem
1062 1058 1100 1089 te
1128 1050 1254 1101 ipsum
1282 1051 1513 1091 ulciscantur

197 1115 399 1151 laborare?

280 1188 311 1225 7.
347 1185 386 1216 at
416 1177 519 1216 enim
547 1178 672 1215 solum
702 1177 742 1214 id
776 1184 844 1224 est,
875 1185 916 1216 ut
945 1191 1008 1216 me
1037 1178 1153 1216 Siculi
1177 1178 1345 1217 maxime
1370 1179 1512 1217 velint:

242 1275 291 1295 21.
316 1264 453 1303 [areant]
477 1264 531 1295 the
558 1264 768 1304 subjunctive,
788 1275 823 1295 as

199 1308 252 1338 the
269 1308 434 1338 condition
450 1308 476 1337 is
492 1312 548 1337 not
565 1308 640 1347 only
653 1307 824 1347 expressed

932 1274 1039 1294 corum
1054 1268 1136 1303 spem
1144 1264 1376 1304 fhrtnuarztm]
1398 1264 1448 1294 sor
1460 1264 1514 1294 the

889 1307 1009 1337 double
1044 1306 1184 1346 genitive
1214 1317 1366 1347 compare
1398 1308 1514 1337 brutus

198 1351 255 1381 but
272 1350 451 1390 negatived,
470 1350 605 1390 Madvig
617 1352 632 1387 ξ
646 1348 703 1389 361
723 1350 781 1380 obs
794 1359 822 1379 2.

201 1396 245 1424 So
262 1394 369 1424 below
384 1394 414 1423 si
427 1393 545 1432 cupias,
566 1395 581 1430 ξ
600 1402 638 1432 ²9
654 1392 684 1422 si
697 1397 820 1432 palem,

198 1437 227 1467 si
240 1437 354 1471 dicam,
374 1436 404 1466 si
417 1436 560 1465 maxime
573 1436 690 1475 cupias.

239 1480 317 1509 salis*
331 1478 455 1516 dicunt]
479 1489 631 1518 compare
653 1480 669 1515 ξ
688 1488 726 1517 23
751 1478 824 1508 laci-

198 1527 249 1552 flts
282 1522 468 1558 adsentiamg
503 1532 562 1561 pro
600 1521 706 1551 Sestio
736 1522 752 1558 ἓ
784 1531 825 1559 40

200 1565 326 1595 iacendo
352 1564 448 1604 loqui,
480 1574 542 1604 pro
575 1563 707 1594 Plancio
738 1568 753 1602 ς’,
784 1573 824 1603 43

201 1608 330 1638 tacitum
347 1612 460 1637 testem.

239 1651 346 1691 potins
370 1649 513 1687 malunt]
541 1650 646 1689 fotjus
676 1648 702 1679 is
727 1648 827 1688 really

203 1693 411 1734 superfluous.
464 1692 524 1723 See
548 1692 684 1732 Madvig
714 1693 730 1729 ξ
762 1692 823 1730 308

201 1736 259 1766 obs
277 1747 304 1773 2,
325 1736 389 1765 and
416 1745 566 1774 compare
592 1735 632 1765 de
657 1740 726 1765 orat
753 1742 779 1764 11
808 1736 824 1772 ξ

202 1788 263 1818 300
286 1789 386 1818 quum
411 1778 535 1817 quidm
559 1778 587 1807 ei
605 1777 713 1817 fuerit
739 1780 824 1817 opizz-

199 1822 292 1851 (filins
322 1820 460 1850 oblivisci
486 1825 574 1859 posse
601 1821 710 1860 potius
743 1820 829 1860 qnod

200 1864 375 1894 meminisse
396 1863 499 1893 nollet.

241 1906 378 1945 dcfcvisos
403 1916 462 1935 esse
485 1905 627 1943 malmzl]
659 1916 694 1935 50
718 1904 824 1935 below

198 1950 377 1979 sonsnltltm
407 1959 467 1978 esse
488 1948 567 1985 vult,
596 1948 654 1978 but
684 1948 716 1977 in
748 1955 758 1977 1
792 1948 825 1977 in

202 1992 334 2022 Verrem
367 1992 383 2028 ἓ
424 1992 460 2021 18
499 1991 704 2020 nominatum
742 1991 819 2026 volo,

200 2034 306 2064 which
336 2034 430 2064 latter
459 2033 485 2063 is
516 2033 570 2063 the
607 2043 696 2063 more
733 2032 825 2062 usual

200 2077 428 2107 construction.
475 2076 529 2106 On
551 2076 630 2106 both
660 2080 823 2106 construc-

200 2120 285 2150 tions
301 2130 353 2149 see
371 2118 506 2157 Madvig
521 2120 537 2155 ξ
555 2118 614 2157 396
632 2118 690 2148 obs
709 2128 735 2147 2.

241 2173 299 2192 sna
331 2161 440 2199 causa]
479 2161 527 2191 sor
558 2161 640 2191 their
669 2160 757 2196 sake,
792 2159 822 2189 in

199 2205 282 2235 their
312 2205 468 2234 interests.
522 2203 625 2233 Halm
656 2213 824 2242 compares

198 2248 240 2277 ad
272 2248 302 2286 Q
334 2247 463 2277 fratrem
488 2253 500 2276 1
526 2258 545 2284 4
572 2248 588 2283 ξ
616 2254 632 2284 5
657 2246 744 2275 credo
767 2250 824 2275 lna

197 2300 293 2320 causa
316 2290 391 2320 velle
412 2289 598 2319 Lentulum.
645 2288 781 2328 Madvig
805 2289 822 2325 ἓ

199 2331 271 2371 256.
319 2332 380 2364 See
397 2342 437 2362 on
455 2339 466 2361 Ι
483 2331 515 2362 in
532 2331 665 2362 Verrem
682 2332 698 2369 ἓ
717 2340 766 2370 23.

889 1351 904 1386 ἓ
931 1349 987 1388 163
1009 1350 1173 1379 Scamolae
1196 1350 1322 1379 dicendi
1344 1350 1508 1389 elegantia.

891 1392 1027 1432 Madvig
1042 1393 1058 1429 ξ
1076 1392 1146 1422 288.

932 1434 1118 1474 interponis]
1143 1434 1245 1465 thrust
1262 1434 1405 1475 yourself
1417 1435 1449 1464 in
1468 1433 1510 1474 (a)

890 1488 924 1507 as
940 1487 959 1507 a
974 1477 1087 1518 helper
1102 1488 1138 1507 or
1161 1477 1345 1517 champion,
1362 1488 1513 1517 compare

889 1521 1024 1550 laborem
1041 1530 1077 1550 or
1091 1525 1213 1559 operam
1227 1521 1447 1560 inlclponcreg‘
1461 1519 1512 1559 63,

890 1563 954 1593 and
972 1563 1020 1603 (b)
1037 1573 1071 1593 as
1087 1573 1106 1592 a
1122 1563 1307 1593 hindrance.
1354 1563 1425 1593 The
1449 1569 1513 1593 two

890 1605 1004 1636 shades
1032 1605 1068 1635 of
1090 1606 1241 1645 meaning
1266 1606 1342 1636 here
1364 1616 1422 1636 run
1446 1606 1513 1636 into

890 1658 952 1679 one
975 1648 1117 1678 another.
1168 1648 1233 1678 For
1258 1647 1398 1678 Cicero⁷s
1419 1648 1514 1678 artful

890 1691 1044 1721 selection
1065 1690 1102 1721 of
1120 1691 1226 1721 words
1245 1696 1278 1721 to
1295 1701 1418 1731 convey
1434 1691 1513 1721 such

890 1734 1066 1764 inuendoes
1090 1744 1239 1773 compare
1263 1744 1321 1773 pro
1346 1734 1421 1763 Mur
1441 1735 1456 1771 ἓ
1473 1733 1514 1764 60

883 1781 1002 1816 peccas,
1031 1780 1060 1806 te
1083 1786 1183 1815 regere
1199 1781 1340 1816 possum,
1360 1777 1376 1814 ξ
1400 1776 1438 1807 62
1465 1776 1514 1806 in-

889 1820 1011 1849 ductus.
1059 1820 1119 1849 See
1136 1818 1241 1848 below
1257 1829 1298 1849 on
1315 1820 1346 1856 ἐξ
1364 1829 1414 1855 22,
1433 1829 1482 1858 23.

933 1862 968 1891 in
978 1861 1161 1901 provincia]
1184 1872 1218 1891 as
1236 1861 1403 1900 Quaestor.

932 1904 1141 1943 diplomndae
1169 1904 1374 1942 calamitatis]
1411 1903 1460 1934 sor
1489 1903 1516 1933 is

891 1947 1051 1977 Caecilius
1081 1957 1166 1977 were
1196 1947 1314 1977 chosen
1347 1952 1380 1977 to
1417 1946 1512 1986 plead

891 1989 973 2019 their
989 1999 1060 2019 case
1076 1989 1152 2028 they
1167 1989 1277 2019 would
1293 1994 1349 2019 not
1365 1989 1440 2029 only
1457 1996 1512 2019 not

890 2032 930 2062 be
954 2032 1159 2072 represented
1182 2032 1224 2072 by
1247 2042 1365 2072 proper
1383 2031 1513 2061 counsel

889 2074 949 2104 but
964 2074 1073 2104 would
1088 2079 1144 2104 not
1160 2084 1281 2115 appear
1300 2085 1334 2104 as
1350 2074 1512 2104 witnesses

890 2117 1093 2147 themselves.
1141 2118 1202 2147 See
1217 2117 1409 2157 acfficturum
1425 2118 1441 2154 ἓ
1459 2126 1508 2154 22,

889 2160 1057 2200 adsillmvs
1073 2162 1089 2197 ἓ
1107 2160 1154 2190 28.

935 2213 984 2233 22.
1026 2202 1065 2240 lc]
1102 2212 1138 2232 as
1172 2212 1213 2232 an
1247 2201 1444 2242 accomplice
1480 2201 1516 2232 of

890 2244 1017 2275 Verres,
1067 2244 1128 2275 See
1144 2246 1177 2282 ἓξ
1194 2252 1328 2285 29—35.

932 2287 987 2317 vii.
1010 2287 1112 2317 solnm
1133 2288 1170 2317 id
1188 2287 1243 2330 esf]
1266 2286 1396 2317 z'dzthe
1421 2286 1512 2327 thing

890 2329 959 2360 that
975 2329 1131 2370 happens,
1151 2333 1189 2359 ut
1207 2329 1306 2360 velint
1327 2329 1512 2370 expressing
