1669 2531
201 106 307 143 VIII
331 102 396 156 25]

202 189 291 229 fami
321 203 367 228 ac
394 189 548 228 nefaria.

202 266 320 302 quarn
340 254 447 302 quod
467 266 556 291 eum
575 252 734 290 minime
759 265 817 290 res
843 259 925 290 tota
944 253 1122 290 delectat.

690 102 1013 143 DIVINATIO
1468 117 1514 153 19

606 196 722 239 atque
741 189 772 228 is
791 202 872 227 non
892 196 971 227 tam
991 196 1147 239 propter
1164 190 1325 227 Verrem
1353 189 1512 237 laborat,

1178 252 1284 291 videt
1304 252 1419 300 enim,
1440 252 1471 290 si
1490 265 1515 290 a

200 318 327 368 pueris
358 318 564 365 nobilibus,
592 330 690 367 quos
714 317 843 354 adhuc
871 316 995 363 elusit,
1023 317 1054 355 si
1083 330 1106 355 a
1133 317 1508 366 quadruplatoribus,

200 394 298 430 quos
317 394 398 419 non
417 381 499 419 sine
518 393 632 418 causa
651 380 885 428 contempsit
914 393 1066 429 semper
1089 394 1135 418 ac
1163 394 1233 430 pro
1258 380 1381 418 nihilo
1403 388 1512 430 puta-

197 446 264 494 vit,
284 446 491 484 accusandi
509 446 687 483 voluntas
706 445 756 482 ad
775 444 876 482 viros
896 446 1013 483 fortes
1033 453 1305 494 spectatosque
1332 445 1509 484 homines

198 512 381 548 translata
413 510 471 556 sit,
503 522 586 547 sese
619 508 658 546 in
692 508 844 546 iudiciis
875 509 1018 547 diutius
1051 509 1243 548 dominari
1272 525 1353 549 non
1382 524 1505 561 posse.

198 575 232 610 8.
273 574 362 611 huic
399 586 471 623 ego
508 572 656 611 homini
693 573 769 611 iam
799 580 889 611 ante
917 574 1117 621 denuntio,
1148 575 1178 612 si
1206 588 1230 612 a
1257 588 1320 613 me
1348 588 1504 613 causam
1527 572 1573 610 25

196 638 295 676 hanc
314 651 383 676 vos
402 637 463 687 agi
483 637 690 684 volueritis,
711 637 900 675 rationem
928 637 982 674 illi
1011 638 1244 676 defendendi
1273 646 1394 676 totam
1423 651 1508 677 esse

195 704 432 750 mutandam,
462 711 500 741 et
527 703 581 741 ita
607 703 845 749 mutandam,
875 709 917 740 ut
945 702 1102 740 meliore
1122 710 1160 740 et
1179 703 1399 742 honestiore
1418 716 1508 741 con-

197 767 350 805 dicione
371 780 487 817 quam
508 780 584 816 qua
608 766 690 816 ipse
715 767 797 804 vult
817 766 986 804 imitetur
1010 767 1187 806 homines
1212 781 1279 806 eos
1301 781 1397 817 quos
1422 768 1505 817 ipse

196 831 291 871 vidit
318 832 576 881 amplissimos
603 832 636 868 L
657 831 838 869 Crassum
865 837 902 868 et
923 831 967 867 M
987 831 1214 878 Antonium,
1245 831 1311 880 qui
1340 830 1437 868 nihil
1465 843 1506 869 se

191 963 293 1001 affair,
317 974 370 995 see
389 972 401 994 1
423 964 456 994 in
480 963 616 994 Verrem
636 964 669 1001 ἓξ
691 970 737 1002 Ι7,
758 972 808 1001 40.

194 1007 297 1037 Halm
320 1007 402 1037 adds
421 1014 449 1037 11
468 1006 502 1037 in
522 1007 658 1037 Verrem
680 1013 708 1036 11
725 1007 741 1044 ἓ
760 1015 808 1046 79,

190 1057 214 1081 v
229 1051 245 1088 ἓ
267 1059 333 1089 173.

227 1092 351 1132 pueris]
374 1092 429 1123 the
444 1092 584 1132 imperiti
596 1090 815 1122 adolescentuli

190 1135 258 1173 οἷς
281 1135 332 1166 68.
379 1136 440 1166 See
466 1145 509 1165 on
531 1135 592 1172 §8.
639 1134 741 1164 Halm
764 1144 810 1163 re-

189 1178 299 1208 marks
325 1178 394 1208 that
418 1178 572 1208 nobilibus
592 1177 619 1207 is
639 1176 812 1215 scornfully

189 1221 307 1256 added,
324 1231 358 1251 as
374 1220 402 1250 if
413 1220 488 1260 only
504 1221 558 1250 the
574 1230 683 1260 young
699 1219 812 1249 nobiles

188 1263 255 1293 had
284 1274 303 1293 a
332 1263 542 1304 prescriptive
571 1262 657 1302 right
686 1267 720 1292 to
746 1262 812 1291 win

187 1306 326 1346 popular
347 1306 461 1336 favour
482 1306 526 1345 by
543 1304 762 1343 undertaking
776 1309 810 1334 to

187 1349 282 1388 bring
311 1349 470 1379 offenders
499 1354 533 1378 to
565 1347 692 1388 justice.
748 1347 810 1376 We

186 1397 272 1422 must
298 1392 479 1422 remember
501 1391 571 1421 that
602 1390 716 1421 Cicero
745 1389 811 1420 had

185 1434 318 1464 himself
329 1434 448 1465 started
463 1444 498 1464 as
513 1444 532 1464 a
548 1444 649 1463 novus
663 1433 762 1462 homo.

227 1477 332 1515 elusit]
383 1480 390 1493 ⁶
405 1477 463 1507 has
500 1481 548 1507 set
585 1480 618 1506 at
654 1475 804 1514 nought'.

187 1519 349 1560 Compare
373 1521 456 1559 §455
484 1527 497 1550 1
519 1519 553 1549 in
568 1518 735 1549 Verrem
719 1533 735 1556 b
756 1527 804 1555 30,

185 1562 269 1602 Livy
295 1570 307 1593 Ι
334 1561 383 1601 36,
413 1563 466 1602 48.
513 1561 695 1601 Quintilian
722 1568 762 1590 lx
788 1570 805 1590 2

185 1607 201 1643 ἓ
218 1607 257 1645 58
273 1605 432 1654 speaking
453 1604 492 1635 of
508 1604 656 1644 mimicry
679 1614 750 1661 says
766 1607 810 1633 est

184 1649 268 1679 enim
278 1649 381 1687 posita
398 1648 462 1687 sere
475 1648 511 1678 z'n
526 1647 609 1678 eluci
606 1647 730 1677 ndo—-‘
741 1646 765 1676 it
781 1646 807 1676 is

184 1691 302 1731 mostly
317 1690 509 1732 employed
501 1701 535 1720 m
550 1690 686 1729 making
702 1688 758 1719 fun
774 1688 812 1719 of

184 1732 318 1764 others’.

226 1774 541 1817 qnadruplatoribus]
586 1775 700 1805 Festus
745 1775 804 1813 (re-

184 1819 292 1849 stored
308 1820 351 1859 by
367 1818 499 1857 Miiller)
518 1829 538 1858 p
556 1818 615 1856 258
639 1827 711 1857 says
726 1828 803 1858 qua-

182 1862 368 1902 dm'plcztores
382 1861 566 1891 dicebantur
579 1860 637 1901 qui
649 1871 680 1890 eo
695 1871 802 1900 quaes-

181 1909 233 1935 tus
254 1915 366 1945 genere
386 1915 417 1934 se
436 1904 614 1941 tuebantur,
634 1907 671 1933 ztt
691 1914 741 1933 eas
757 1914 804 1933 res

173 1951 435 1987 persequerentur
455 1956 596 1987 quarum
628 1956 666 1976 ex
688 1946 803 1985 legibus

180 1990 357 2030 quadrupli
382 1993 451 2019 erat
478 1989 565 2019 actio.
625 1988 803 2019 WVhatever

181 2032 235 2063 the
262 2032 399 2072 original
424 2031 614 2069 derivation,
634 2031 687 2061 the
710 2031 801 2061 word

180 2080 289 2105 meant
310 2076 344 2105 in
368 2074 509 2105 Cicero's
533 2074 611 2104 time
635 2074 714 2104 false
738 2074 802 2104 and

180 2123 309 2158 corrupt
324 2128 470 2148 accusers
481 2116 554 2147 who
565 2117 659 2147 made
676 2127 695 2146 a
710 2117 800 2147 trade

179 2160 216 2190 of
247 2161 469 2200 prosecutions
506 2170 544 2190 or
579 2165 612 2189 at
649 2159 730 2190 least
767 2159 804 2189 of

178 2203 380 2243 threatening
408 2208 443 2233 to
468 2206 647 2243 prosecute.
697 2202 799 2232 Halm

177 2246 320 2276 remarks
343 2247 412 2276 that
434 2245 469 2275 in
491 2253 520 2275 ΙΙ
537 2245 570 2275 in
586 2244 721 2274 Verrem
738 2252 766 2274 11
782 2246 799 2282 ἕ

178 2298 217 2318 22
241 2289 458 2319 calumniator
479 2288 545 2318 and
566 2287 801 2327 quadruplator

176 2341 230 2361 are
265 2332 346 2362 used
382 2341 416 2361 as
453 2330 651 2361 convertible
687 2335 795 2360 terms.

177 2373 338 2415 Compare
349 2374 404 2405 the
415 2373 581 2404 Athenian
594 2371 797 2411 συκοφάνται.

922 962 1101 1001 dmm'nari]
1123 973 1176 994 see
1191 973 1233 993 on
1248 963 1389 1003 destnsor
1402 965 1418 1002 ἓ
1436 973 1484 1004 ²3·

923 1006 989 1036 viii.
1012 1015 1059 1044 25.
1083 1006 1248 1044 denuntio]
1272 1017 1307 1036 so
1336 1014 1347 1036 1
1373 1007 1406 1036 in
1423 1007 1502 1037 Ver-

880 1058 948 1078 rem
964 1050 980 1086 §
997 1048 1046 1087 36.
1088 1048 1160 1078 The
1175 1049 1266 1079 word
1281 1049 1307 1079 is
1318 1050 1504 1090 commonly

880 1091 959 1121 used
975 1091 1007 1120 in
1028 1091 1187 1131 speaking
1209 1091 1245 1122 of
1265 1102 1284 1122 a
1308 1092 1424 1122 formal
1448 1093 1502 1123 de-

878 1133 1034 1164 claration
1049 1133 1086 1163 of
1097 1144 1173 1164 war.

922 1176 1091 1215 rationem]
1112 1178 1119 1192 ‘
1131 1177 1208 1216 plan
1219 1175 1227 1189 ’
1243 1187 1280 1207 or
1300 1178 1308 1192 ‘
1320 1176 1454 1218 system'
1470 1178 1508 1209 of

879 1219 1023 1250 defence.
1069 1219 1230 1260 Compare
1260 1227 1272 1250 1
1302 1220 1335 1250 in
1366 1220 1502 1251 Verrem

879 1263 895 1299 ξ
913 1271 962 1301 34,
982 1269 1010 1292 11
1030 1261 1063 1291 in
1079 1262 1214 1292 Verrem
1230 1270 1253 1292 V
1269 1264 1285 1300 ἓ
1305 1271 1362 1302 173
1381 1274 1445 1293 mm
1460 1268 1504 1294 est

878 1305 1020 1334 alienum
1043 1306 1118 1335 melis·
1139 1305 1324 1343 rationibus,
1344 1316 1403 1346 pro
1425 1306 1502 1337 Mur

879 1346 951 1386 §46
972 1348 1008 1377 z'tz
1034 1348 1094 1377 ista
1120 1348 1250 1385 ratione,
1281 1350 1297 1386 ξ
1325 1350 1343 1379 8
1348 1358 1364 1387 3
1385 1353 1503 1389 petunt

877 1391 961 1420 enim
999 1390 1135 1420 rationes
1175 1390 1265 1420 illius
1304 1396 1342 1421 ut
1376 1392 1503 1422 orbetur

877 1433 1000 1462 auxilio
1024 1443 1072 1463 res
1088 1432 1229 1472 publica.

919 1480 947 1505 et
967 1477 1011 1505 ita
1033 1476 1238 1514 mutandam]
1262 1476 1396 1507 Richter
1412 1487 1497 1508 com-

876 1528 970 1558 pares
1010 1518 1052 1548 de
1091 1518 1158 1558 imp
1201 1518 1251 1549 Cn
1292 1519 1396 1560 Pomp
1429 1522 1445 1558 ξ
1481 1528 1498 1559 7

876 1565 989 1601 rrgnat
1009 1565 1038 1591 et
1056 1562 1101 1591 ila
1122 1566 1242 1601 regnat,
1262 1563 1278 1599 ξ
1298 1571 1335 1592 10
1349 1563 1453 1592 dicam
1471 1567 1500 1593 et

875 1604 920 1634 ita
936 1604 1050 1634 dicam.
1092 1604 1164 1634 The
1180 1604 1326 1635 addition
1343 1605 1379 1635 of
1389 1610 1497 1636 tamen

875 1646 956 1676 after
971 1647 1016 1677 ita
1038 1651 1118 1677 rests
1142 1657 1185 1677 on
1212 1647 1360 1678 doubtful
1383 1648 1496 1679 autho-

873 1689 945 1729 rity,
986 1689 1051 1719 and
1088 1689 1114 1719 is
1150 1694 1208 1720 not
1244 1691 1369 1721 needed
1407 1691 1495 1722 here.

874 1732 890 1762 Ι
907 1732 1067 1762 therefore
1083 1732 1162 1762 omit
1177 1734 1202 1763 it
1216 1733 1296 1763 with
1314 1733 1415 1763 Halm
1431 1735 1496 1765 and

873 1775 1015 1805 Richter.
1065 1775 1196 1805 Render
1222 1776 1325 1806 ‘must
1347 1776 1388 1807 be
1411 1777 1495 1807 radi-

872 1817 955 1857 cally
971 1818 1119 1857 changed
1135 1818 1198 1848 and
1215 1818 1360 1859 changed
1383 1819 1416 1849 in
1439 1820 1494 1851 the

871 1861 1027 1891 direction
1043 1859 1183 1892 of'...So
1199 1861 1216 1891 I
1231 1861 1428 1902 paraphrase
1447 1863 1494 1894 ita

887 1908 956 1934 ..nt

911 1945 1101 1984 condsczone]
1144 1946 1347 1987 ‘principlefi
1394 1947 1491 1978 Com-

868 1999 945 2029 pare
961 1999 1020 2029 pro
1037 1988 1179 2019 Caecina
1194 1990 1210 2027 ἓ
1226 1999 1267 2027 40
1284 1990 1381 2021 vz'edet
1375 2001 1492 2030 quam

867 2032 1076 2062 confi-'vamum
1105 2031 1251 2062 vobesmtt
1279 2032 1354 2095 {23ss5
1379 2034 1490 2063 constt-

868 2078 953 2105 tztere
965 2075 1074 2110 valiſstls
1087 2085 1146 2114 pro
1164 2074 1313 2104 Flacco
1299 2091 1312 2112 δ
1331 2085 1367 2113 24
1387 2076 1489 2106 multa

866 2127 951 2147 emm
980 2121 1059 2147 sunt
1086 2118 1151 2147 eius
1176 2118 1270 2153 modi,
1302 2118 1426 2155 iudzoes,
1453 2123 1492 2148 ut

866 2160 960 2190 eliam
975 2160 1005 2190 sz'
1018 2160 1053 2189 2“22
1069 2160 1196 2190 homine
1217 2160 1281 2200 ipso
1296 2161 1333 2190 de
1346 2171 1406 2201 qno
1420 2162 1487 2201 agi-

865 2207 923 2232 tur
939 2203 1123 2243 neglegenda
1143 2203 1210 2232 sint
1230 2207 1335 2233 tamen
1358 2204 1395 2233 in
1417 2214 1487 2233 con-

866 2245 986 2275 dicione
1021 2250 1114 2285 atque
1148 2246 1185 2275 in
1221 2245 1357 2285 exemplo
1387 2247 1487 2286 perti-

866 2288 1025 2317 mescenda
1041 2288 1219 2322 vzkleantur,
1239 2298 1299 2328 pro
1316 2288 1391 2319 Mur
1406 2290 1422 2327 ἕ
1435 2288 1485 2321 60.

869 2330 930 2362 See
947 2330 1157 2369 Nagelsbach
1172 2331 1188 2368 ἓ
1204 2328 1245 2369 64
1260 2341 1281 2370 p
1302 2339 1370 2368 174.

907 2373 970 2413 ipse
983 2372 1078 2413 vidit]
1103 2373 1297 2404 Hortensius
1315 2384 1381 2404 was
1403 2373 1487 2406 born

1279 2439 1378 2464 2-—2
