1669 2531
144 107 210 144 111
232 103 269 156 8]
592 104 775 142 ACTIO
808 104 1000 142 PRIMA
1403 114 1450 151 73

142 190 373 239 populorum
393 187 706 238 privatorumque
725 188 868 226 litteras
889 188 1122 238 iniuriasque
1150 201 1450 238 cognoscerem:

142 260 183 292 ut
201 252 448 302 perspicuum
467 252 586 290 cuivis
606 265 689 290 esse
708 260 840 301 posset
855 252 1052 290 hominem
1072 253 1122 291 ab
1137 252 1210 290 isto
1231 252 1450 303 quaesitum

139 330 222 355 esse
241 330 321 354 non
342 315 407 366 qui
426 328 534 353 reum
555 328 666 353 suum
694 316 916 362 adduceret,
946 317 1014 354 sed
1043 315 1109 365 qui
1137 329 1268 354 meum
1295 323 1448 366 tempus

139 381 361 446 obsidere-ts
401 382 478 418 III.
513 391 544 428 7.
585 393 691 418 nunc
718 381 837 418 homo
865 381 1143 418 audacissimus
1176 388 1291 429 atque
1319 394 1448 418 amen-
1466 390 1489 427 ¹7

140 446 305 484 tissimus
337 447 413 484 hoc
447 445 600 494 cogitat.
657 445 843 494 intellegit
873 458 935 483 me
966 445 1019 483 ita
1046 453 1219 494 paratum
1248 452 1364 494 atque
1393 445 1448 482 in-

138 518 322 548 structum
342 509 380 547 in
402 509 587 548 iudicium
605 509 747 556 venire,
767 516 809 546 ut
832 522 911 547 non
941 510 1059 547 modo
1079 509 1119 546 in
1138 509 1291 547 auribus
1311 509 1445 547 vestris

138 575 206 612 sed
235 573 275 610 in
309 573 430 610 oculis
468 572 641 610 omnium
679 586 747 610 sua
783 574 882 611 furta
917 580 1035 622 atque
1073 573 1214 622 flagitia
1252 574 1444 612 defixurus

136 637 217 675 sim.
286 636 391 674 videt
428 643 623 674 senatores
660 638 801 674 multos
840 649 924 675 esse
960 644 1076 674 testes
1114 636 1299 674 audaciae
1337 650 1441 683 suae,

135 700 240 739 videt
272 701 414 738 multos
448 699 594 748 equites
628 701 841 745 Romanos,
870 701 1089 749 frequentes
1119 708 1315 749 praeterea
1340 701 1444 739 cives

135 770 251 812 atque
270 762 406 808 socios,
421 764 559 812 quibus
580 763 661 811 ipse
681 762 848 812 insignes
871 762 1025 800 iniurias
1044 762 1185 808 fecerit,
1202 762 1308 800 videt
1327 762 1440 800 etiam

134 834 192 865 tot
209 839 341 876 graves
361 828 410 864 ab
431 826 671 865 amicissimis
691 827 908 865 civitatibus
928 826 1138 875 legationes
1166 839 1255 863 curn
1279 827 1442 875 publicis

133 890 422 928 auctoritatibus
452 891 690 929 convenisse.
748 893 782 928 8.
813 904 911 940 quae
937 904 1026 928 cum
1055 891 1108 929 ita
1137 891 1222 937 sint,
1243 903 1366 939 usque
1394 905 1440 929 eo
1459 897 1483 933 8

133 957 182 994 de
203 955 384 994 omnibus
403 955 516 994 bonis
535 956 634 993 male
655 955 858 1001 existimat,
881 968 1001 1004 usque
1022 968 1069 993 eo
1089 955 1281 993 senatoria
1300 954 1443 993 iudicia

132 1021 282 1071 perdita
300 1021 579 1071 profligataque
606 1035 689 1059 esse
720 1022 932 1068 arbitratur,
958 1029 1000 1059 ut
1022 1022 1097 1059 hoc
1123 1023 1251 1070 palam
1278 1022 1438 1068 dictitet,

132 1099 212 1124 non
246 1085 328 1124 sine
357 1098 472 1123 causa
502 1098 541 1122 se
573 1085 758 1133 cupidum
791 1085 980 1134 pecuniae
1018 1085 1146 1132 fuisse,
1178 1085 1362 1134 quoniam
1400 1085 1439 1123 in

132 1149 297 1198 pecunia
326 1156 475 1186 tantum
504 1147 736 1197 praesidium
764 1148 979 1197 experiatur
1005 1161 1111 1186 esse:
1140 1161 1234 1194 sese,
1262 1148 1301 1186 id
1333 1149 1439 1197 quod

132 1211 401 1251 difficillimum
430 1211 552 1258 fuerit,
584 1218 735 1260 tempus
768 1211 894 1260 ipsum
925 1211 1062 1249 emisse
1092 1211 1224 1249 iudicii
1257 1211 1326 1258 sui,
1359 1225 1438 1261 quo

173 1294 350 1332 adduceret]
379 1294 488 1334 ‘bring
510 1299 543 1324 to
565 1293 663 1324 trial⁷.
711 1294 756 1325 Cf
820 1295 852 1325 in
877 1294 978 1325 Guelf
997 1305 1024 1332 2,
1044 1294 1108 1325 and
1131 1294 1157 1325 is
1177 1293 1273 1324 harsh
1294 1305 1328 1325 as
1349 1294 1433 1326 well.

131 1338 148 1375 ἓ
172 1346 188 1366 2
220 1337 256 1367 in
287 1337 441 1367 imticz'nm
472 1337 626 1366 adductus
655 1341 698 1366 est
727 1338 754 1367 C

139 1380 246 1411 Verres
261 1379 324 1409 and
341 1389 400 1420 pro
413 1379 500 1409 Rosc
514 1379 649 1409 Amerin
665 1381 681 1416 ξ
701 1381 749 1409 28.

172 1423 231 1462 qui
269 1432 374 1452 meum
423 1427 544 1461 tempus
591 1422 750 1460 obsideret]

129 1464 186 1495 the
206 1464 298 1495 sham
320 1465 524 1505 prosecution
543 1464 653 1494 would
675 1465 750 1494 take

128 1507 327 1548 precedence
356 1507 393 1537 of
419 1505 546 1537 Verres'
578 1517 661 1542 case,
686 1507 750 1537 and

129 1549 234 1590 might
263 1549 364 1589 easily
386 1549 427 1580 be
458 1560 540 1590 spun
570 1554 626 1579 out
649 1560 685 1579 so
715 1560 750 1580 as

130 1597 164 1623 to
189 1602 313 1632 occupy
335 1592 389 1622 the
412 1598 502 1622 court
525 1591 563 1622 of
584 1592 748 1632 Repetun-

131 1635 191 1665 dae
207 1634 251 1664 all
267 1635 321 1665 the
337 1635 519 1665 remainder
535 1634 572 1665 of
588 1636 643 1667 the
658 1646 745 1676 year-

130 1677 294 1707 obsideret:
316 1677 350 1707 id
374 1682 431 1714 est,
457 1677 626 1708 obsisteret
653 1683 750 1718 atque

131 1720 317 1760 impediret.
363 1719 540 1749 Manutius.

174 1763 218 1792 iii.
264 1770 290 1801 7.
341 1762 376 1792 in
407 1762 515 1800 oculis]
565 1761 598 1792 cf
631 1762 686 1792 div
716 1762 751 1792 in

133 1804 219 1835 Caec
242 1806 258 1842 ἓ
285 1812 323 1844 27
355 1815 419 1834 non
449 1805 538 1834 modo
564 1805 599 1835 in
630 1805 751 1835 animis

131 1847 273 1877 iudicum
299 1847 354 1877 sed
378 1847 470 1877 etiam
501 1848 537 1877 in
563 1848 658 1878 oculis
679 1858 749 1878 con-

130 1894 292 1930 spectuque
304 1899 352 1919 om
357 1889 447 1919 nium
463 1894 618 1929 exponere.

172 1931 351 1972 defixurus]
381 1932 447 1962 nail
469 1942 513 1972 up
537 1932 602 1962 like
633 1942 652 1962 a
681 1932 748 1972 pla-

130 1975 225 2005 card:
248 1972 405 2014 ‘gibbet’.
452 1974 496 2004 Cf
516 1974 641 2005 Persius
664 1983 685 2004 V
713 1973 749 2005 16

130 2017 267 2057 ingenuo
278 2017 403 2056 culpam
418 2017 454 2046 de
473 2027 545 2057 gere
565 2017 649 2047 ludo.
689 2017 748 2047 Ca-

131 2059 256 2090 saubon
278 2059 370 2089 takes
393 2059 418 2089 it
440 2059 537 2090 thus:
563 2059 749 2100 Conington

130 2107 160 2133 tr
190 2102 238 2132 ‘to
268 2102 325 2142 pin
354 2107 388 2131 to
418 2101 472 2132 the
501 2101 664 2142 ground':
695 2102 750 2132 the

130 2144 304 2185 particular
333 2144 433 2174 shade
463 2143 500 2174 of
532 2144 683 2184 meaning
716 2145 750 2174 in

131 2187 233 2260 {ithceler
248 2197 320 2217 case
333 2197 392 2217 can
407 2186 522 2227 hardly
537 2187 578 2217 be
594 2187 750 2227 precisely

155 2239 193 2259 xe
217 2253 225 2260 .

864 1337 1041 1377 ligationes]
1062 1339 1069 1352 ‘
1078 1338 1282 1378 deputations
1290 1337 1308 1366 ⁷.

861 1391 933 1409 cum
959 1380 1096 1419 publicis
1125 1380 1376 1418 auctoritatibus]
1407 1380 1441 1411 cf

820 1429 847 1452 ΙΙ
874 1423 907 1452 in
939 1423 1073 1453 Verrem
1105 1430 1146 1452 111
1183 1422 1239 1460 146
1270 1423 1436 1453 civitatum

817 1466 1016 1495 auctoritates
1047 1476 1084 1495 ac
1119 1466 1246 1495 litteras.
1302 1466 1435 1495 auctori-

816 1512 894 1537 tates
918 1507 1132 1544 ‘resolutions,
1160 1507 1303 1538 decrees'
1326 1508 1362 1538 of
1381 1508 1435 1539 the

816 1550 898 1580 civic
911 1551 1131 1590 corporations
1148 1562 1154 1580 :
1171 1550 1205 1580 cf
1217 1550 1270 1580 the
1284 1560 1435 1581 common

815 1603 871 1623 use
896 1593 933 1622 of
951 1598 1076 1623 senatus
1097 1594 1268 1623 auctoritas
1294 1595 1327 1623 ‘a
1349 1603 1434 1624 reso-

815 1635 918 1665 lution
936 1635 1038 1665 ofthe
1059 1636 1201 1666 Senate⁷.

860 1678 888 1707 8.
927 1678 1070 1708 munibus
1082 1678 1182 1716 bouis]
1202 1677 1300 1708 ‘boni'
1317 1689 1336 1708 a
1351 1685 1433 1709 term

815 1721 984 1760 arrogated
1029 1721 1071 1760 by
1115 1721 1169 1750 the
1213 1722 1433 1752 conservative

815 1769 927 1803 party:
958 1763 1032 1793 here
1055 1763 1246 1804 apparently
1262 1777 1291 1788 z
1308 1764 1362 1794 the
1384 1774 1431 1795 se-

815 1805 951 1835 natorial
982 1806 1084 1836 order.
1139 1806 1184 1836 Cf
1209 1806 1315 1837 below
1344 1808 1360 1844 §
1392 1817 1432 1837 20

815 1849 950 1887 optimus
978 1849 1114 1888 quisque.
1156 1848 1200 1879 So
1232 1849 1341 1878 ἐσθλοί
1367 1850 1431 1879 and

816 1892 929 1928 ἀγαθοί
965 1891 997 1920 in
1038 1891 1202 1930 Theognis
1241 1902 1335 1921 mean
1376 1892 1431 1922 the

814 1933 1019 1970 aristocratic‚
1050 1935 1137 1963 κακοί
1167 1934 1231 1964 ancl
1254 1934 1349 1964 δειλοί
1376 1935 1431 1965 the

815 1976 1009 2006 democratic
1026 1981 1128 2016 party.

849 2019 976 2058 perdita
990 2018 1235 2059 prcflz'gzztaqne]
1259 2018 1348 2050 these
1364 2019 1430 2059 epi-

814 2060 899 2091 thets
924 2071 977 2091 are
998 2061 1129 2102 applied
1153 2067 1186 2091 to
1210 2061 1326 2091 Verres
1348 2062 1429 2091 him-

813 2103 877 2133 self
907 2103 940 2133 in
975 2111 1001 2133 11
1032 2104 1064 2133 in
1096 2103 1231 2134 Verrem
1265 2111 1306 2134 111
1340 2106 1356 2141 ξ
1389 2103 1429 2143 65

812 2150 849 2176 tu
881 2145 1024 2176 omnium
1062 2147 1245 2176 mortalium
1280 2146 1429 2187 prcfizgra-

813 2188 930 2218 tissime
957 2193 985 2218 et
1013 2189 1233 2229 perditissime.
1295 2188 1338 2219 Cf
1370 2199 1430 2229 pro

814 2230 900 2261 Rosc
917 2231 983 2261 Am
999 2233 1014 2269 ξ
1032 2232 1070 2269 38
1087 2231 1195 2261 omnia
1211 2231 1256 2261 ad
1257 2231 1430 2272 perniciem

173 2275 217 2302 tot
243 2271 371 2312 graves]
422 2271 542 2312 Zumpt
581 2271 674 2302 reads
709 2275 753 2302 tot
806 2273 982 2313 prcflzgata
997 2278 1089 2313 atque
1097 2274 1234 2314 perdita.

131 2317 198 2344 tam
221 2324 344 2354 graves.
400 2314 537 2354 Madvig
572 2314 748 2354 (opuscula)

132 2356 282 2387 observes
306 2357 376 2387 that
399 2361 466 2387 tam
490 2356 517 2387 is
544 2357 620 2397 only
648 2356 749 2388 found

855 2320 973 2356 tempus
1009 2316 1112 2356 {psum
1149 2316 1267 2354 emisse]
1307 2316 1317 2346 i
1343 2326 1360 2347 e
1385 2316 1430 2357 by

813 2358 939 2399 getting
960 2369 1005 2399 up
1027 2359 1081 2389 the
1108 2358 1199 2389 sham
1225 2358 1430 2400 prosecution
