1669 2531
269 114 318 164 98
707 116 786 153 IN
817 116 853 154 C
894 117 1146 155 VERREM
1382 117 1504 170 [XIII
1526 132 1574 169 39

268 201 514 242 iudicandam
541 203 746 253 accepisse,
777 206 883 254 quod
914 205 1060 244 inventi
1097 213 1185 243 sunt
1215 213 1420 254 senatores,
1453 208 1518 257 qui
1543 210 1575 248 C

268 267 388 304 Verre
407 274 580 316 praetore
600 269 747 305 urbano
769 269 951 307 sortiente
980 269 1126 307 exirent
1153 268 1193 306 in
1214 282 1300 307 eum
1320 282 1438 316 reum,
1460 284 1574 319 quem

268 329 464 380 incognita
500 345 616 369 causa
645 333 958 379 condemnarent,
981 333 1085 381 quod
1118 331 1297 370 inventus
1325 340 1382 371 est
1410 342 1573 382 senator,

269 395 335 444 qui
356 408 443 432 cum
464 395 579 433 iudex
599 402 709 442 esset,
732 395 771 432 in
791 396 931 433 eodem
960 395 1102 433 iudicio
1133 403 1170 434 et
1197 397 1246 434 ab
1274 409 1340 434 reo
1369 398 1573 446 pecuniam

268 458 458 507 acciperet
478 472 593 507 quam
613 459 804 497 iudicibus
824 458 1012 496 divideret
1041 466 1079 496 et
1098 459 1146 496 ab
1167 466 1387 496 accusatore
1406 467 1448 497 ut
1466 473 1572 498 reum

198 523 248 560 40
269 523 556 560 condemnaret.
614 537 674 570 40.
720 523 795 561 iam
828 536 920 561 vero
951 536 1029 572 quo
1061 525 1181 561 modo
1212 537 1284 572 ego
1312 523 1416 561 illam
1447 525 1573 563 labem

267 584 517 634 ignominiam
551 586 886 634 calamitatemque
917 585 1033 623 totius
1067 585 1211 623 ordinis
1245 599 1467 634 conquerar,
1499 587 1574 625 1106

265 649 407 686 factum
429 662 511 686 esse
531 649 570 686 in
596 650 668 686 hac
697 649 861 695 civitate,
888 662 976 686 cum
1007 650 1219 688 senatorius
1250 651 1346 688 ordo
1376 650 1571 697 iudicaret,

264 721 306 751 ut
331 713 583 751 discoloribus
610 713 724 763 signis
757 713 965 751 iuratorum
993 713 1195 751 hominum
1223 714 1435 753 sententiae
1467 723 1571 753 nota-

263 777 421 813 rentur?
474 776 570 813 haec
590 776 721 813 onmia
741 789 801 813 me
831 775 1034 824 diligenter
1059 789 1268 826 severeque
1290 785 1464 815 acturum
1488 791 1572 816 esse

262 839 457 889 polliceor.

343 905 452 941 XIV.
479 895 588 953 seluo
620 917 682 941 1116
716 905 873 941 tandem
904 905 1035 943 animo
1061 906 1140 943 fore
1168 905 1320 954 putatis,
1352 905 1383 944 si
1410 907 1502 956 quid
1532 907 1571 945 in

263 969 339 1006 hoc
359 967 444 1017 ipso
464 960 607 1005 sudicio
628 967 852 1005 intellexero
883 968 996 1007 simili
1024 969 1153 1017 aliqua
1180 968 1328 1008 ratione
1357 983 1440 1008 esse
1458 971 1572 1009 viola—

263 1039 344 1069 tum
364 1038 479 1080 atque
500 1030 778 1068 commissum?
808 1044 895 1068 cum
916 1033 1073 1080 planum
1101 1033 1226 1070 facere
1254 1032 1383 1071 multis
1411 1033 1571 1072 testibus

261 1095 408 1144 possim
458 1096 490 1133 C
534 1095 695 1132 Verrem
737 1094 776 1131 in
820 1093 948 1132 Sicilia.
995 1095 1125 1133 multis
1169 1095 1413 1134 audientibus
1456 1109 1571 1145 saepe

301 1249 467 1288 senatores]
491 1249 585 1289 again
609 1249 762 1290 referring
777 1253 809 1279 to
826 1249 880 1280 the
951 1259 1027 1288 very
1056 1249 1138 1280 little
1168 1249 1205 1280 of
1230 1249 1284 1280 the
1314 1249 1476 1287 evidence,
1510 1261 1570 1291 pro

258 1292 377 1332 Junian
400 1292 489 1322 trial:
514 1292 546 1322 in
573 1292 746 1332 particular
769 1297 802 1322 10
827 1292 881 1322 the

260 1345 332 1365 case
358 1335 394 1365 of
421 1335 448 1365 C
480 1334 699 1365 Fidiculanius
729 1335 878 1365 Falcula:

260 1388 319 1417 pro
344 1377 462 1408 Cluent
487 1378 520 1415 ἐξ
548 1386 605 1416 103
631 1377 709 1407 soll:
733 1387 786 1407 see
811 1377 879 1407 also

260 1420 315 1450 1116
345 1418 486 1450 ironical'
508 1424 643 1450 account
667 1419 704 1450 of
728 1419 796 1450 him
821 1430 879 1460 pro

261 1462 401 1493 Caecina
418 1464 434 1499 ἓ
453 1464 503 1493 28.

306 1506 333 1535 C
361 1504 652 1542 Verre...sorlicute]
685 1504 878 1534 herczsub-

259 1548 419 1578 sortiente.
470 1547 602 1577 Falcula
624 1557 690 1577 was
713 1546 819 1577 added
845 1552 878 1577 10

259 1590 314 1620 1116
327 1590 399 1630 jury
414 1590 458 1630 by
471 1590 524 1619 the
540 1589 802 1629 supplementary
818 1589 876 1619 lot-

258 1633 404 1672 drawing
448 1632 646 1670 (subsortitio)
688 1632 732 1670 by
772 1632 878 1661 which

258 1675 365 1705 casual
394 1675 561 1704 vacancies
590 1684 674 1704 were
703 1674 790 1704 filled
820 1684 872 1714 up.

259 1717 315 1747 He
331 1717 394 1747 had
411 1716 601 1757 apparently
617 1727 658 1747 110
674 1716 758 1756 right
775 1721 808 1747 to
824 1717 874 1754 sit,

258 1765 315 1790 not
330 1760 427 1799 being
443 1759 479 1789 of
497 1759 566 1789 that
582 1759 707 1788 ‹lmus-ia
723 1764 756 1789 to
771 1759 877 1789 which

258 1803 314 1832 the
329 1802 375 1833 lot
391 1802 454 1832 had
478 1801 574 1832 fallen
593 1802 722 1839 (mulcta
739 1805 780 1831 est
795 1802 833 1831 ab
847 1812 877 1832 co

254 1845 349 1885 petila
364 1845 450 1884 qnod
462 1855 525 1874 mm
548 1854 623 1874 suae
643 1844 786 1873 decuriae
807 1854 875 1873 mu-

258 1897 331 1918 nere
344 1897 440 1927 neque
453 1897 491 1916 ex
507 1887 568 1926 lege
586 1886 706 1916 sentinet
729 1886 844 1916 Cluent
860 1887 876 1924 ἓ

261 1940 299 1960 10
303 1929 344 1969 3),
354 1930 454 1959 hence
461 1928 586 1959 Verres'
598 1939 691 1959 name
702 1929 727 1959 is
738 1928 877 1968 brought

257 1973 290 2002 in
307 1972 384 2002 with
400 1972 558 2002 reference
574 1976 607 2001 to
623 1971 677 2001 the
696 1971 824 2008 sortitio,
845 1976 877 2001 to

257 2015 360 2055 imply
385 2014 455 2045 that
479 2014 568 2044 there
592 2013 657 2043 had
681 2013 762 2043 been
788 2023 877 2044 some

257 2057 337 2088 kind
354 2056 465 2097 ofjob.

299 2099 434 2137 exirent]
455 2098 628 2138 according
649 2102 682 2128 to
707 2098 876 2128 Hotoman

263 2143 393 2177 =irent‚
418 2151 454 2171 or
477 2141 615 2181 perhaps
638 2141 740 2170 ‘went
765 2146 819 2170 out
842 2145 876 2170 to

257 2184 404 2214 consider
419 2183 502 2214 their
516 2183 637 2213 verdict
653 2182 788 2213 on'zin
805 2193 875 2212 con-

255 2227 364 2258 silium
380 2226 465 2256 irent
481 2225 551 2266 (pro
567 2225 685 2256 Cluent
700 2226 716 2263 ἓ
734 2226 796 2264 74).

299 2268 458 2308 incognila
487 2267 594 2305 causa]
640 2267 650 2297 i
672 2277 689 2297 e
728 2267 870 2304 Falcula,

256 2311 355 2350 being
370 2315 427 2351 put
443 2321 484 2341 on
501 2310 554 2340 the
567 2309 639 2349 jury
649 2309 692 2349 by
700 2310 875 2339 subsortitio

257 2363 335 2385 near
345 2353 399 2385 the
411 2353 474 2384 end
487 2352 523 2383 of
534 2352 587 2383 the
598 2352 679 2391 trial,
695 2352 759 2382 had
775 2352 874 2383 heard

951 1292 1068 1322 Cluent
1085 1294 1100 1330 ἓ
1120 1300 1176 1329 103
1193 1293 1328 1322 Falcula
1343 1293 1400 1332 qui
1418 1293 1568 1332 Oppiani-

949 1345 1020 1364 cum
1045 1335 1270 1365 condemnarat
1293 1345 1364 1364 cum
1384 1336 1569 1374 pritesertim

949 1377 1126 1416 (although)
1145 1377 1182 1407 id
1191 1377 1351 1417 quodfuit
1365 1377 1401 1407 in
1417 1377 1472 1407 illo
1486 1378 1567 1408 iudi-

947 1418 992 1449 cio
1013 1419 1292 1449 z‘nvidiosissimmn
1308 1424 1428 1459 paucos
1448 1420 1511 1450 dics
1531 1431 1569 1450 ex

947 1461 1163 1492 subsortitione
1193 1462 1320 1492 sedisset.
1386 1462 1424 1492 In
1460 1463 1475 1499 ἓ
1509 1473 1567 1502 104

948 1504 1062 1534 Cicero
1077 1508 1229 1544 attempts
1249 1509 1283 1535 to
1301 1503 1413 1544 justify
1427 1504 1477 1535 his
1493 1515 1566 1535 con-

948 1546 1033 1576 duct.

989 1588 1125 1628 senator]
1157 1588 1184 1619 C
1208 1588 1321 1619 Aelius
1346 1588 1503 1627 Staienus,
1537 1589 1572 1620 cf

947 1642 1005 1671 pro
1022 1631 1140 1662 Cluent
1162 1632 1196 1669 ἓξ
1219 1630 1269 1669 65,
1298 1640 1345 1670 70.
1397 1632 1452 1662 He
1468 1632 1494 1662 is
1510 1632 1565 1662 de-

947 1673 1071 1703 scribed
1088 1684 1122 1704 as
1137 1684 1223 1713 egens
1243 1678 1443 1713 sumptuosus
1457 1675 1567 1704 audax

946 1716 1081 1745 callidus
1088 1716 1283 1756 peafidiosus.
1333 1716 1387 1746 He
1403 1727 1468 1747 was
1484 1717 1567 1747 tried

947 1758 1011 1788 and
1027 1758 1126 1789 found
1141 1758 1252 1798 guilty.
1301 1758 1418 1789 Brutus
1435 1760 1451 1796 ἓ
1470 1769 1540 1797 241.

989 1810 1039 1838 40.
1088 1800 1153 1830 iam
1169 1801 1253 1839 vero]
1280 1801 1368 1831 ‘now
1384 1801 1503 1840 again'.

989 1843 1200 1882 discoloribus]
1223 1853 1276 1873 see
1291 1843 1393 1873 above
1409 1844 1424 1881 ἓ
1442 1852 1488 1883 17.

988 1884 1151 1925 actm-nm]
1174 1896 1208 1916 as
1224 1886 1326 1915 above
1341 1887 1358 1923 ἓ
1375 1894 1422 1924 37.

989 1929 1050 1959 xiv.
1093 1928 1230 1968 putatis]
1253 1927 1296 1958 all
1319 1928 1373 1958 the
1396 1935 1459 1958 MSS
1481 1928 1564 1959 have

941 1970 1056 2010 putetis
1066 1976 1212 2010 contrary
1222 1975 1255 2001 to
1266 1970 1420 2010 Latinity:
1431 1971 1463 2000 in
1472 1981 1563 2011 ques-

947 2013 1031 2042 tions
1054 2012 1090 2043 of
1109 2012 1171 2043 this
1186 2012 1266 2043 kind
1282 2012 1336 2042 the
1352 2013 1522 2043 indicative
1537 2014 1564 2044 is

946 2055 1066 2094 always
1086 2055 1175 2092 used,
1195 2054 1229 2085 cf
1241 2055 1280 2085 de
1297 2054 1340 2084 fin
1357 2062 1384 2084 11
1401 2056 1417 2092 ἓ
1435 2053 1475 2085 60
1490 2066 1563 2095 quo-

947 2098 1034 2127 mado
1042 2108 1112 2127 eum
1122 2097 1247 2127 tandem
1258 2097 1400 2126 laturum
1401 2097 1506 2136 fuisse
1512 2108 1562 2128 ex-

946 2139 1093 2170 istimas?
1132 2139 1206 2169 Ibid
1224 2147 1249 2169 ΙΙ
1269 2141 1286 2177 ἓ
1305 2138 1342 2178 76
1362 2149 1457 2178 quum
1480 2145 1562 2179 spem

944 2182 1135 2221 —fitturam
1150 2181 1275 2222 putas?
1305 2181 1383 2212 with
1399 2181 1563 2223 Madvig’s

943 2230 1045 2254 notes.

986 2267 1015 2296 si
1027 2266 1299 2307 quid—violatum
1316 2270 1408 2306 alque
1420 2267 1561 2297 commi}-

943 2309 1028 2346 sum]
1061 2308 1109 2338 ‘if
1139 2309 1156 2339 I
1183 2309 1265 2339 shall
1299 2307 1366 2339 find
1399 2308 1468 2339 that
1497 2319 1561 2350 any

944 2357 1076 2391 outrage
1091 2351 1148 2382 has
1163 2352 1245 2382 been
1260 2350 1489 2392 perpetrated'.
