1669 2531
199 82 246 126 26
596 84 675 121 IN
706 83 741 132 Q
782 83 1124 122 CAECILIUM
1361 83 1438 136 [XI
1459 95 1519 134 35'

194 158 304 204 nullo
332 178 402 204 suo
430 172 591 214 peccato
619 165 882 215 impediuntur
909 180 987 216 quo
1014 166 1141 205 minus
1169 166 1321 205 alterius
1348 176 1509 217 peccata

128 234 175 272 35
197 230 458 267 demonstrare
495 228 658 278 possint.
713 243 759 267 ac
795 229 894 278 vide,
930 237 1119 280 quantum
1156 229 1423 269 interfuturum
1459 231 1508 270 sit

196 293 294 331 inter
312 306 439 331 meam
459 300 497 331 et
516 299 621 330 tuam
640 294 936 334 accusationem.
994 307 1066 343 ego
1087 294 1202 332 etiam
1230 307 1330 344 quae
1357 302 1398 333 tu
1423 295 1508 334 sine

194 359 315 396 Verre
343 357 570 396 commisisti
598 357 708 396 Verri
736 358 885 397 crimini
914 360 1070 398 daturus
1100 372 1196 406 sum,
1227 360 1332 408 quod
1360 367 1398 398 te
1425 373 1506 398 non

194 421 443 471 prohibuerit,
486 434 575 459 cum
619 434 809 459 summam
852 422 936 472 ipse
972 423 1131 461 haberet
1167 430 1422 472 potestatem:
1464 431 1506 461 tu

194 494 328 525 contra
355 500 405 525 ne
434 500 534 536 quae
563 486 626 524 ille
655 487 813 536 quidem
840 487 930 526 fecit
959 487 1115 535 obicies,
1142 501 1192 526 ne
1220 500 1296 537 qua
1323 500 1371 526 ex
1398 495 1506 537 parte

194 551 424 590 coniunctus
445 565 534 589 cum
555 564 602 589 eo
621 551 818 600 reperiare.

274 616 398 666 quid?
434 616 509 663 illa,
541 616 698 663 Caecili,
730 617 1067 656 contemnendane
1098 617 1167 656 tibi
1198 618 1378 656 videntur
1409 631 1505 666 esse,

195 677 277 717 sine
310 680 449 729 quibus
480 693 595 718 causa
625 679 812 727 sustineri,
846 680 1070 729 praesertim
1101 688 1218 728 tanta,
1249 683 1355 720 nullo
1385 684 1506 721 modo

194 747 353 794 potest?
381 745 510 794 aliqua
538 746 697 783 facultas
729 745 881 794 agendi,
907 745 1038 795 aliqua
1065 746 1222 784 dicendi
1250 747 1504 795 consuetudo,

128 813 177 851 36
195 807 322 856 aliqua
341 807 380 845 in
401 808 496 855 foro,
517 807 681 855 iudiciis,
702 808 851 857 legibus
871 815 937 846 aut
955 809 1052 847 ratio
1071 817 1138 848 aut
1157 809 1403 849 exercitatio?
1451 810 1507 848 in-

193 873 346 921 tellego,
367 885 483 921 quam
503 874 709 922 scopuloso
730 873 953 922 difficilique
971 873 1012 910 in
1030 874 1118 913 loco
1136 887 1263 912 verser
1269 890 1280 923 3
1306 887 1396 911 narn
1417 887 1505 913 cum

194 935 320 973 omnis
348 936 574 985 adrogantia
599 936 734 975 odiosa
753 943 821 983 est,
842 943 925 974 turn
945 936 1010 974 illa
1028 936 1171 986 ingenii
1191 945 1306 986 atque
1326 939 1506 986 eloquen-

193 999 270 1037 tiae
289 1001 411 1038 multo
431 1001 712 1040 molestissima.
770 1014 887 1050 quam
916 1003 967 1039 ob
997 1015 1078 1039 rem
1102 1002 1198 1040 nihil
1226 1003 1315 1041 dico
1344 1003 1393 1040 de
1416 1016 1505 1041 meo

194 1061 374 1112 ingeni03
406 1076 535 1113 neque
572 1071 629 1102 est
667 1065 774 1113 quod
810 1064 955 1114 possim
994 1064 1134 1113 dicere,
1171 1079 1300 1115 neque
1337 1066 1368 1105 si
1406 1074 1506 1106 esset

193 1125 371 1164 dicerem.
429 1134 495 1165 aut
515 1127 619 1165 enim
639 1127 679 1166 id
699 1127 794 1165 mihi
821 1127 911 1166 satis
932 1135 989 1166 est
1019 1129 1126 1178 quod
1146 1137 1204 1168 est
1228 1130 1277 1168 de
1301 1143 1364 1168 me
1384 1130 1506 1180 opini-

194 1189 290 1237 onis,
312 1189 498 1239 quicquid
523 1197 589 1237 est,
612 1198 689 1238 aut,
715 1190 747 1229 si
775 1191 815 1229 id
843 1204 978 1240 parurn
1003 1199 1072 1239 est,
1093 1205 1165 1241 ego
1190 1193 1313 1231 maius
1338 1193 1379 1231 id
1404 1207 1506 1232 com-

126 1252 176 1290 37
194 1254 446 1292 memorando
475 1255 600 1292 facere
627 1267 707 1292 non
735 1267 904 1304 possum.
967 1268 1023 1292 12.
1056 1256 1106 1293 de
1134 1262 1183 1302 te,
1215 1255 1505 1303 Caecili‚—iam

193 1329 256 1355 me
280 1317 436 1356 hercule
461 1318 537 1355 hoc
562 1325 667 1356 extra
691 1318 793 1355 hanc
817 1316 1108 1356 contentionem
1128 1325 1400 1368 certamenque
1418 1332 1506 1357 nos-

191 1432 256 1466 law
278 1433 315 1466 de
338 1435 515 1476 repetundis
538 1435 575 1466 of
596 1436 650 1467 the
676 1436 762 1476 right
781 1435 819 1467 of

191 1479 348 1509 indicium
364 1479 397 1509 in
413 1479 491 1510 such
507 1489 603 1510 caseS.

236 1531 285 1560 35.
331 1521 404 1559 illa]
440 1522 532 1552 those
562 1520 719 1562 qualities.
770 1521 815 1553 So

191 1564 294 1595 multa
309 1565 343 1602 ἐξ
360 1573 411 1600 22,
430 1573 478 1603 27.

232 1606 396 1644 sustineri]
433 1617 452 1637 a
482 1605 571 1637 word
601 1606 680 1637 used
709 1604 748 1637 of
772 1616 814 1637 an

190 1655 280 1680 actor
300 1649 459 1689 ‘keeping
478 1648 539 1689 up'
556 1660 575 1680 a
591 1656 672 1690 part.
719 1650 764 1681 So
780 1651 813 1688 ἐξ

191 1700 240 1732 37,
261 1692 310 1730 48,
330 1702 389 1732 pro
406 1692 481 1722 Mur
497 1692 512 1728 §
529 1691 579 1728 46.

232 1735 356 1765 dicendi
373 1735 571 1773 consuetudo]
595 1745 631 1765 so
654 1745 713 1776 pro
737 1734 815 1765 Mur

189 1778 207 1815 ἓ
224 1786 239 1806 2
265 1801 271 1807 .

233 1787 327 1857 ratio]
365 1818 552 1850 theoretical
589 1819 676 1856 skill,
707 1830 741 1850 as
778 1818 812 1850 in

190 1873 250 1903 pro
267 1862 389 1892 Archia
415 1864 431 1900 ἓ
463 1872 474 1892 1
499 1863 530 1892 si
549 1873 613 1903 qna
638 1862 814 1893 exercitattb

189 1905 320 1942 dicendi,
354 1908 414 1934 aut
440 1905 470 1935 sz'
497 1905 626 1935 lmiusce
653 1906 698 1934 rei
731 1905 813 1935 ratio

188 1948 299 1988 aliqua
315 1947 353 1977 ab
364 1947 557 1987 optimarum
570 1948 691 1977 artium
700 1947 814 1977 studiis

188 2001 226 2020 ac
250 1990 419 2029 disciplina
440 1990 589 2029 profheta,
615 1990 655 2020 de
677 1994 746 2020 orat
770 1997 812 2020 ΙΙΙ

189 2034 223 2071 ἓξ
248 2033 297 2070 8ο,
318 2041 368 2073 93.
419 2032 481 2063 See
504 2032 713 2072 N'agelsbach
739 2031 811 2072 §63

189 2085 211 2115 p
231 2082 298 2114 170.

234 2116 282 2157 36.
318 2116 523 2157 adrogantia]
563 2115 807 2158 ‘assumption’.

190 2159 353 2200 Compare
369 2160 551 2199 Quintilian
575 2167 614 2190 XI
643 2169 654 2190 1
680 2161 696 2198 ἓ
724 2170 758 2199 15
776 2160 812 2190 z'n

186 2202 304 2242 primis
318 2202 420 2242 figitur
434 2203 539 2233 omnis
560 2203 671 2233 vitiosa
686 2203 812 2233 iactatio

188 2249 240 2282 est,
269 2245 458 2285 eloquentiae
485 2249 593 2276 tamen
622 2246 659 2275 in
688 2250 812 2276 oratore

185 2288 359 2328 praeciche.

229 2329 350 2370 odiosa]
369 2330 377 2345 ‘
387 2329 537 2362 tiresome
547 2333 580 2362 to
590 2329 645 2361 the
653 2329 782 2362 hearers
789 2328 807 2362 '.

880 1436 925 1467 So
941 1446 1001 1477 pro
1017 1436 1093 1467 Mur
1107 1438 1124 1475 ξ
1137 1446 1181 1483 30
1203 1441 1312 1468 mator
1324 1436 1446 1468 odzosus
1468 1448 1504 1468 m

877 1479 1007 1509 dzcendo
1021 1490 1057 1509 ac
1071 1476 1197 1520 laqzt‘ax.
1237 1479 1401 1520 Compare
1416 1481 1502 1510 Mar-

880 1521 936 1551 tial
950 1529 1017 1552 V111
1035 1521 1052 1550 6
1069 1522 1243 1561 archelzpzs
1255 1523 1353 1552 zetuli
1364 1523 1452 1553 nilztl
1461 1526 1506 1553 est

878 1564 1013 1594 odioszus
1027 1565 1134 1602 Euctc,
1159 1564 1286 1595 ‘'there
1280 1575 1306 1595 is
1322 1575 1364 1595 no
1377 1570 1504 1605 greater

879 1606 958 1637 bore
974 1607 1052 1637 than
1064 1606 1124 1638 '....

923 1649 993 1688 illa]
1018 1649 1170 1690 referring
1193 1652 1226 1680 to
1249 1647 1335 1680 what
1358 1649 1498 1688 follows,

878 1691 1060 1732 designates
1076 1694 1099 1722 it
1116 1703 1150 1722 as
1166 1702 1256 1723 more
1278 1692 1400 1723 distant
1423 1693 1502 1723 than

877 1734 952 1764 haec
966 1734 1074 1765 would
1089 1735 1171 1766 have
1187 1735 1282 1767 done.
1331 1735 1394 1766 See
1407 1735 1501 1766 Mad-

878 1777 934 1817 vig
948 1778 964 1815 ἓ
982 1778 1042 1816 485
1054 1787 1080 1808 a.

921 1819 1008 1850 ui‘lzzl
1016 1818 1097 1858 deco]
1113 1830 1264 1860 compare
1276 1818 1325 1850 for
1334 1819 1398 1851 this
1410 1819 1501 1850 show

878 1861 916 1892 of
941 1862 1089 1902 modesty
1069 1873 1177 1903 ypro
1208 1863 1322 1893 Mur²
1306 1877 1321 1900 b
1346 1872 1385 1904 ‘²9
1411 1873 1501 1893 nunc

879 1904 967 1934 ni'lzzl
988 1905 1025 1934 cle
1043 1915 1093 1935 me
1112 1905 1188 1940 dzffco
1205 1905 1259 1936 sed
1274 1905 1311 1936 de
1329 1905 1369 1936 its
1387 1905 1445 1946 quz'
1463 1905 1499 1935 in

875 1947 1004 1977 dicendo
1019 1948 1132 1987 magni
1144 1952 1223 1978 sunt
1235 1951 1294 1978 aut
1302 1948 1452 1988 ficerunt.

920 1989 972 2020 xii.
1005 1998 1055 2029 37.
1079 1991 1116 2020 de
1136 1990 1174 2029 te]
1199 1990 1333 2021 Richter
1355 1990 1429 2020 well
1451 2000 1498 2021 re-

876 2032 986 2062 marks
997 2033 1067 2063 that
1083 2033 1174 2063 these
1186 2033 1291 2063 words
1302 2032 1426 2072 though
1440 2038 1499 2072 put

876 2079 908 2105 at
922 2075 976 2105 the
986 2075 1163 2115 beginning
1172 2075 1209 2105 of
1214 2075 1269 2106 the
1278 2075 1390 2115 period
1398 2075 1500 2115 really

877 2117 998 2158 belong
1020 2123 1053 2148 to
1075 2118 1236 2149 existimes.
1287 2117 1390 2148 Halm
1411 2128 1498 2148 com-

876 2170 970 2200 pares
985 2160 1026 2191 de
1040 2160 1166 2200 legibus
1182 2168 1193 2190 1
1209 2162 1225 2198 ξ
1240 2167 1256 2199 7
1272 2160 1309 2190 de
1320 2160 1434 2200 quibus
1446 2171 1498 2191 ex-

875 2203 1020 2233 istimare
1034 2213 1099 2232 non
1114 2207 1373 2244 possumns=on
1390 2202 1497 2233 whom

876 2256 926 2275 we
943 2255 1002 2276 can
1018 2245 1100 2275 have
1121 2255 1164 2275 no
1186 2245 1321 2285 opinion
1336 2245 1498 2276 whatever

876 2287 925 2324 (as
950 2287 1028 2328 they
1053 2287 1136 2318 have
1161 2293 1218 2318 not
1243 2292 1298 2329 yet
1323 2286 1497 2329 published

875 2330 959 2362 their
973 2329 1102 2371 books).
