1654 2511
493 471 627 510 PLAN
660 477 719 509 OF
752 477 851 508 THE
882 465 1125 508 Divinatio.

155 649 196 682 Α.
246 647 456 682 Exordium
480 645 513 691 ἐξ
542 654 639 690 1-9,
669 644 801 689 quibus
829 643 934 678 rebus
958 642 1142 676 adductus
1165 639 1219 673 ad
1238 650 1388 673 causam
1417 649 1472 671 ac-

293 704 446 738 cesserit.

160 785 200 817 B.
249 782 423 817 Probatio
439 781 473 827 ἓξ
496 790 639 824 10—71.

295 839 460 884 [Divisio
477 836 494 883 ξ
514 849 564 883 10,
582 838 638 872 sor
655 839 716 872 the
732 838 836 883 place
854 837 894 872 of
906 837 1025 872 which
1043 848 1104 872 see
1124 835 1265 881 Quintil
1284 842 1330 868 111
1349 843 1371 877 9
1388 831 1404 877 ξ
1426 831 1470 875 1.]

249 919 286 942 se
302 911 545 942 accusatorem
561 919 633 941 esse
649 907 772 941 debere

300 976 347 1021 (Ι)
390 976 491 1021 quod
501 987 538 1010 se
554 975 678 1010 Siculi
692 974 854 1009 maxime
870 974 1000 1017 velint,
1016 972 1050 1018 §§
1072 981 1216 1006 11—22.

298 1033 348 1076 (2)
389 1033 490 1077 quod
500 1043 537 1066 se
561 1032 686 1065 Verres
703 1031 857 1065 minime
873 1031 974 1073 velit,
992 1029 1026 1075 §§
1043 1027 1189 1063 22—26.

300 1089 348 1132 (3)
389 1089 490 1133 quod
508 1099 549 1122 ea
567 1089 649 1122 sine
673 1088 806 1132 quibus
828 1098 940 1121 causa
964 1085 1145 1120 sustineri
1162 1096 1233 1118 non
1246 1083 1369 1129 possit
1395 1082 1479 1116 Cae-

391 1146 520 1180 cilium
536 1145 717 1190 deficiant,
737 1145 770 1191 §§
788 1154 879 1188 27-
883 1153 934 1188 51.

440 1211 487 1255 (a)
530 1212 790 1257 integritatem,
809 1210 842 1256 ἕξ
860 1220 914 1254 27,
934 1212 986 1246 28.

443 1267 494 1311 (β)
532 1268 737 1310 veritatem,
754 1266 788 1313 §§
806 1277 918 1312 29-3
924 1276 953 1311 5.

443 1324 491 1370 (γ)
516 1325 742 1370 facultatem
760 1326 905 1370 agendi,
923 1324 956 1370 ἓξ
974 1334 1061 1369 35—
1068 1334 1120 1369 51.

304 1393 352 1438 (4)
394 1393 497 1438 quod
524 1393 600 1438 ipse
631 1394 790 1428 maiores
817 1404 951 1428 causas
981 1393 1113 1428 habeat
1144 1403 1258 1437 quam
1291 1390 1483 1431 Caecilius,

395 1448 429 1495 §§
447 1449 592 1494 52—60.

307 1517 354 1561 (5)
397 1518 498 1563 quod
516 1522 623 1552 vetus
647 1518 869 1552 consuetudo
894 1518 1183 1561 institutumque
1207 1515 1393 1549 maiorum
1417 1513 1488 1547 sibi

396 1575 627 1620 siffragetur
661 1574 889 1620 declaretque
924 1585 960 1608 se
991 1574 1206 1619 diligentem
1239 1574 1484 1605 accusatorem

389 1633 489 1678 fore,
505 1631 539 1678 ἓξ
555 1631 704 1675 61—71.

171 1727 211 1760 C.
260 1726 453 1760 Peroratio
468 1722 502 1768 ἐξ
521 1732 631 1767 71—7
637 1733 669 1766 3.

308 1793 345 1816 se
367 1792 450 1815 eum
474 1792 546 1815 esse
568 1782 632 1815 cui
654 1783 760 1814 tanta
785 1789 896 1813 causa
921 1777 1102 1812 committi
1115 1775 1246 1822 possit,
1273 1783 1386 1818 neque
1409 1771 1488 1804 sine

356 1839 588 1883 turpitudine
622 1842 658 1873 et
693 1837 916 1871 iudiciorum
946 1835 1114 1879 periculo
1144 1835 1252 1878 posse
1288 1829 1488 1865 Caecilium

357 1896 429 1931 sibi
443 1896 624 1941 anteponi.
