1669 2531
172 95 271 133 XVI
292 91 358 145 48]
626 92 664 130 A
674 93 708 131 C
710 93 749 130 T
741 93 773 130 I
772 92 807 130 O
841 90 1033 130 PRIMA

171 178 373 217 iudicabit:
420 177 457 215 in
489 178 565 215 hoc
602 177 761 215 homine
795 183 991 221 statuetur,
1026 173 1198 224 possitne
1236 172 1476 212 senatoribus

172 241 430 280 iudicantibus
458 242 578 279 homo
600 239 896 278 nocentissimus
923 237 1342 288 pecuniosissimusque
1371 238 1477 275 dam-

169 303 261 342 nari.
319 303 460 342 deinde
489 311 546 341 est
575 303 655 341 eius
683 302 791 340 modi
818 315 903 340 reus
933 302 973 339 in
1001 316 1078 352 quo
1107 302 1266 341 homine
1299 301 1394 339 nihil
1427 300 1475 338 sit

168 374 318 416 praeter
343 379 493 404 summa
520 373 680 415 peccata
707 365 992 414 maximamque
1018 365 1235 414 pecuniam,
1256 372 1308 411 ut,
1331 364 1362 402 si
1380 363 1475 402 libe-

169 437 270 468 ratus
308 429 366 476 sit,
404 430 509 467 nulla
545 429 619 466 alia
655 428 815 477 suspitio
848 428 922 466 nisi
952 442 998 466 ea
1035 443 1136 478 quae
1166 428 1385 478 turpissima
1416 434 1475 465 est

168 493 334 531 residere
359 493 490 542 possit.
547 505 626 530 non
652 491 772 540 gratia
799 505 879 529 non
903 492 1135 541 cognatione
1155 505 1235 530 non
1260 491 1343 529 aliis
1371 497 1474 528 recte

168 556 277 594 factis
309 569 389 594 non
422 556 591 605 denique
624 555 701 593 alio
731 555 919 593 mediocri
952 555 1045 593 vitio
1079 563 1136 594 tot
1175 562 1356 604 tantaque
1393 554 1474 592 eius

167 622 258 660 vitia
283 622 482 659 sublevata
501 633 584 658 esse
603 620 846 658 videbuntur.
904 622 965 666 48.
997 628 1193 669 postremo
1218 632 1289 668 ego
1316 631 1472 657 causam
1491 624 1541 663 48

168 685 223 723 sic
250 698 372 734 agam,
395 683 550 730 iudices,
578 683 660 721 eius
690 683 799 721 modi
827 696 897 729 res,
928 683 982 721 ita
1009 690 1121 721 notas
1150 683 1204 721 ita
1232 691 1388 722 testatas
1420 683 1474 722 ita

168 762 325 798 magnas
350 748 403 785 ita
427 748 648 786 manifestas
675 749 877 797 proferam,
899 755 941 785 ut
965 761 1082 786 nemo
1112 761 1135 785 a
1154 747 1263 785 vobis
1290 755 1333 785 ut
1355 747 1472 785 istum

166 812 372 852 absolvatis
404 825 474 861 per
500 811 660 860 gratiam
694 802 857 849 conetur
885 812 1130 850 contendere.
1187 812 1312 849 habeo
1341 818 1472 848 autem

166 884 310 914 certam
339 875 441 913 viam
470 883 587 924 atque
617 875 818 921 rationem,
849 888 927 924 qua
957 887 1092 912 omnes
1126 874 1278 912 illorum
1311 881 1472 912 conatus

166 938 393 988 investigare
414 946 452 977 et
478 938 665 987 consequi
690 938 847 987 possim.
905 938 958 975 ita
982 951 1041 975 res
1066 951 1089 975 a
1115 951 1178 975 me
1202 944 1346 986 agetur,
1366 944 1408 974 ut
1433 937 1470 974 in

166 1016 299 1042 eorum
337 1002 505 1040 consiliis
543 1002 723 1040 omnibus
753 1015 834 1040 non
864 1003 983 1040 modo
1015 1015 1126 1040 aures
1159 1002 1373 1049 hominum,
1403 1002 1473 1040 sed

1407 101 1476 136 103

852 1157 954 1188 otiose
984 1168 1018 1189 as
1048 1158 1136 1189 nihil
1161 1157 1255 1188 aliud
1281 1156 1476 1189 nisi=nilzil

856 1211 928 1231 nm.

167 1158 270 1188 above
283 1157 448 1188 obsewanl
458 1157 718 1197 qnemadmodmn
728 1167 788 1187 sese

166 1211 252 1230 unus
294 1200 423 1240 quisque
463 1204 601 1229 vestrum
639 1201 783 1239 gerat...)

167 1242 324 1273 VVhether
347 1242 400 1272 the
416 1247 543 1282 present
559 1252 693 1282 passage
716 1242 742 1272 is
765 1253 784 1273 a

166 1285 332 1316 conscious
362 1285 521 1315 imitation
551 1295 586 1314 or
616 1285 736 1325 merely
766 1295 785 1315 a

166 1327 372 1358 coincidence
401 1327 439 1357 of
471 1327 608 1366 thought
638 1328 702 1357 and
732 1338 784 1357 ex-

166 1370 320 1412 pression,
349 1369 403 1400 the
433 1370 651 1400 resemblance
681 1370 707 1400 is
737 1381 783 1400 re-

166 1412 343 1443 markable.

208 1454 371 1493 indicabit]
400 1454 450 1484 for
485 1454 539 1484 the
569 1454 722 1485 omission
752 1454 789 1485 of

166 1497 220 1528 the
236 1498 313 1528 verb
329 1498 362 1527 in
378 1497 432 1527 the
453 1496 572 1527 former
594 1497 631 1527 of
649 1502 713 1527 two
732 1507 783 1527 co-

167 1540 312 1570 ordinate
327 1539 554 1580 propositions‚
575 1539 668 1569 when
685 1540 708 1570 it
725 1550 784 1570 can

166 1583 206 1614 be
236 1582 385 1623 supplied
421 1582 504 1612 from
533 1582 588 1613 the
618 1582 724 1619 latter,
755 1582 790 1613 cf

167 1625 302 1665 Madvig
317 1627 333 1663 ξ
349 1625 419 1664 478.

207 1668 243 1698 in
259 1668 314 1697 lzoc
328 1667 465 1705 homine]
488 1667 558 1697 ‘the
574 1667 658 1697 issue
674 1667 712 1697 os
730 1667 784 1698 the

166 1708 366 1741 defendant's
390 1709 462 1740 trial
487 1709 554 1740 will
576 1709 781 1740 determine'.

167 1753 210 1784 Cf
222 1753 351 1790 above§
366 1762 381 1782 2
393 1752 518 1782 adduxi
526 1752 610 1782 enim
625 1753 784 1783 hominem

165 1796 200 1825 in
216 1806 275 1835 quo
290 1795 499 1825 reconciliare.
507 1819 512 1825 .
520 1819 526 1825 .
526 1795 662 1835 possetis.

208 1839 243 1867 in
258 1848 317 1878 qno
332 1837 470 1875 homine]
487 1837 535 1867 sor
547 1837 601 1868 the
613 1837 785 1868 attraction

165 1880 203 1911 of
222 1880 277 1911 the
299 1880 496 1910 substantive
516 1884 550 1910 to
574 1880 628 1910 the
651 1880 783 1911 relative

165 1923 271 1954 clause
287 1932 340 1952 see
356 1922 491 1962 Madvig
505 1923 539 1959 ἓξ
557 1931 626 1962 319,
641 1932 712 1962 3²0·

206 1965 368 2003 liberatus]
406 1967 413 1980 ‘
426 1965 616 2005 acquitted',
657 1965 688 1995 cf
723 1975 782 2005 pro

167 2008 286 2039 Cluent
302 2009 317 2045 ἓ
335 2006 376 2038 60
390 2007 477 2037 hunc
491 2007 550 2047 qm·
570 2007 615 2037 bis
631 2007 696 2037 iam
712 2018 782 2038 con-

164 2052 347 2082 demnatum
359 2054 538 2089 acceperant
550 2050 728 2081 liberarent.

202 2093 326 2134 gratia]
371 2102 423 2123 see
464 2092 578 2130 above,
622 2097 698 2123 note
741 2103 783 2123 on

208 2144 271 2209 725on
287 2177 360 2208 aliis
373 2181 450 2207 wele
459 2175 573 2216 factis]
597 2177 781 2218 equivalent

165 2226 199 2252 to
215 2231 280 2251 non
297 2220 372 2250 aliis
381 2220 480 2260 sactis
502 2220 538 2250 ie
557 2224 633 2249 recte
641 2219 777 2259 factis:

165 2264 210 2304 by
246 2273 289 2293 no
331 2263 453 2293 actions
498 2262 534 2292 of
574 2272 593 2292 a
637 2263 784 2294 different

166 2307 330 2337 character
345 2310 378 2335 to
399 2305 453 2335 the
476 2310 550 2341 rest,
574 2304 614 2334 ie
629 2305 715 2345 good
731 2315 782 2335 ac-

167 2349 262 2380 tions.
309 2347 356 2379 Or
379 2357 427 2378 we
453 2357 528 2387 may
554 2347 628 2378 take
654 2348 727 2379 aliis
748 2358 783 2379 as

894 1243 1050 1282 mediocre]
1075 1243 1332 1283 ‘commonplace
1343 1241 1351 1256 ²
1354 1267 1361 1273 .

897 1287 949 1323 48.
993 1287 1080 1316 viam
1096 1291 1188 1326 atque
1201 1286 1369 1324 rationem]
1388 1288 1470 1317 ‘me-

854 1328 932 1358 thod
949 1329 1012 1358 and
1034 1329 1110 1369 plan
1126 1328 1163 1359 of
1175 1327 1380 1369 procedure'.
1426 1329 1472 1360 So

854 1371 992 1411 coupled
1016 1371 1048 1401 in
1079 1379 1105 1401 11
1132 1371 1165 1401 in
1188 1371 1323 1401 Verrem
1353 1378 1377 1400 v
1406 1373 1422 1409 ξ
1452 1384 1472 1410 4

852 1414 1037 1453 defensionis
1066 1414 1147 1444 ratio
1172 1415 1301 1453 viaque:
1326 1413 1472 1454 frequent

853 1456 885 1486 in
902 1456 956 1486 the
979 1456 1392 1497 ablative=methodically
1407 1457 1472 1487 and

852 1499 1112 1538 systematically.

894 1541 1048 1581 consequi]
1070 1540 1195 1571 ‘follow
1209 1551 1253 1581 up
1262 1539 1279 1579 ',
1305 1541 1420 1572 ‘attain
1437 1545 1471 1572 to

852 1593 871 1613 a
887 1583 1047 1623 thorough
1062 1583 1254 1624 knowledge
1270 1582 1328 1621 of',
1348 1584 1382 1615 cf
1394 1592 1422 1614 11
1438 1585 1471 1615 in

853 1626 988 1656 Verrem
1005 1634 1043 1656 1V
1059 1627 1074 1663 ἐ
1090 1635 1128 1666 57
1141 1626 1230 1656 nullo
1246 1627 1333 1656 modo
1341 1632 1471 1667 possum

852 1669 960 1699 omnia
995 1669 1086 1699 istius
1111 1669 1204 1708 facta
1234 1673 1294 1698 aut
1321 1671 1471 1701 memoria

851 1712 995 1751 consequi
1009 1716 1067 1742 aut
1080 1712 1220 1742 oratione
1233 1712 1397 1751 complecti.

895 1755 939 1784 ila
955 1754 1226 1792 7·cs...v1'deantm‘]
1271 1754 1388 1795 Zumpt
1403 1765 1469 1786 sus-

852 1801 942 1836 pects
958 1796 1021 1827 this
1037 1807 1171 1837 passage
1194 1796 1231 1827 of
1249 1796 1346 1837 being
1368 1808 1408 1828 an
1424 1798 1470 1828 in-

852 1839 1046 1879 terpolation
1058 1839 1101 1879 by
1113 1849 1202 1869 some
1219 1839 1467 1879 ‘grammaticus'

852 1882 1023 1921 suggested
1046 1882 1090 1922 by
1112 1882 1166 1912 the
1192 1882 1314 1912 similar
1335 1893 1470 1923 passage

851 1924 884 1954 in
911 1926 926 1961 ἓ
951 1933 978 1964 7.
1026 1924 1124 1956 Some
1148 1932 1213 1955 MSS
1238 1925 1313 1955 read
1332 1926 1470 1964 populns

850 1967 1028 1997 Romanus.
1036 1992 1042 1998 .
1050 1967 1215 2003 videatur,
1235 1967 1386 2007 omitting
1400 1979 1468 1998 ocn-

850 2009 884 2039 li.
932 2009 1002 2040 The
1018 2010 1183 2040 antithesis
1201 2009 1239 2049 (if
1257 2010 1281 2040 it
1302 2020 1360 2040 can
1377 2011 1416 2041 be
1432 2021 1468 2041 so

850 2052 967 2091 called)
984 2052 1080 2091 being
1101 2063 1194 2082 aures
1214 2052 1381 2082 hominum
1403 2053 1469 2084 and

851 2094 935 2125 oculi
961 2095 1078 2135 populi
1111 2094 1255 2125 Romani
1290 2094 1315 2124 is
1350 2096 1469 2135 utterly

850 2137 1016 2177 pointless.
1074 2137 1241 2168 hominum
1281 2137 1462 2178 possibly:

849 2179 942 2210 those
957 2184 1085 2220 present
1100 2180 1133 2210 in
1156 2183 1262 2209 court:
1287 2180 1425 2220 perhaps
1442 2181 1468 2212 it

849 2222 958 2252 would
973 2222 1014 2253 be
1030 2223 1133 2253 better
1148 2226 1181 2252 to
1197 2221 1273 2252 read
1294 2233 1358 2252 non
1378 2224 1467 2254 modo

848 2275 942 2294 aures
969 2265 1136 2294 hominum
1171 2264 1225 2294 sed
1256 2264 1349 2294 ctiam
1385 2267 1470 2296 oculi

850 2307 991 2337 interesse
1008 2307 1179 2337 videantur
1195 2306 1346 2347 omitting
1355 2309 1469 2348 populi

849 2350 992 2380 Romani
1005 2359 1039 2380 as
1055 2349 1216 2390 proposed
1231 2349 1275 2390 by
1291 2350 1317 2380 F
1321 2350 1466 2383 ritzsche.
