1669 2531
160 113 266 150 VIII
289 108 354 163 20]
608 110 789 170 AGRI-O
826 108 1018 147 PRIMA
1423 106 1471 152 83

161 207 248 232 curn
283 201 361 232 tam
395 193 505 231 multi
534 193 711 231 homines
743 191 1004 230 honestissimi
1029 191 1239 235 audlssent‚
1266 192 1394 228 statim
1423 189 1471 227 ad

160 270 222 295 me
242 258 432 295 defertur:
462 257 580 294 immo
600 269 702 301 vero,
733 263 776 293 ut
803 255 967 304 quisque
999 268 1062 292 me
1090 254 1250 300 viderat,
1281 254 1469 290 narrabat.
1496 275 1521 297 J

160 322 243 359 aliis
273 322 369 359 illud
401 321 614 371 indignum,
646 319 728 358 aliis
765 319 970 357 ridiculum
1003 319 1228 357 videbatur:
1267 317 1471 354 ridiculum

160 385 216 431 iis,
237 385 303 434 qui
322 385 431 423 istius
451 398 606 422 causam
626 384 665 421 in
685 383 841 421 testium
862 383 948 435 fige,
970 383 1010 420 in
1029 382 1231 420 criminum
1251 381 1410 432 ratigrst,
1433 381 1471 417 in

160 449 331 487 iudicum
367 457 568 498 potestate,
602 461 681 485 non
720 447 758 484 in
795 446 961 485 comitiis
998 446 1266 484 consularibus
1304 445 1471 495 positam

159 511 460 549 arbitrabantur:
489 509 691 558 indignum
712 509 768 555 iis,
791 509 856 557 qui
877 508 988 546 altius
1009 508 1293 558 perspiciebant
1313 515 1351 545 et
1372 508 1472 544 hanc

159 574 453 622 gratulationem
484 574 534 610 ad
572 573 754 611 iudicium
795 573 1123 622 corrumpendum
1161 580 1334 622 spectare
1372 573 1473 611 vide-

161 639 265 676 bant.
325 651 382 675 20.
418 637 559 675 etenim
590 637 644 674 sic
672 636 1011 691 ratiocinabantur,
1039 635 1093 673 sic
1122 635 1382 673 honestissimi
1409 636 1473 673 ho-
1492 633 1539 669 20

161 702 283 740 mines
303 701 401 739 inter
421 715 460 739 se
491 710 527 739 et
556 714 709 738 mecum
738 689 1019 749 loquebantur:
1049 708 1179 750 aperte
1213 699 1288 738 iam
1320 713 1365 737 ac
1394 713 1474 749 per-

161 765 294 815 spicue
313 766 418 803 nulla
437 778 520 803 esse
542 764 707 802 iudicia:
737 764 802 813 qui
833 777 920 802 reus
948 763 1071 813 pridie
1100 764 1176 801 iam
1205 763 1286 812 ipse
1316 776 1356 801 se
1386 776 1475 800 con-

160 829 386 867 demnatum
418 829 588 878 putabat,
619 828 660 875 is,
694 837 829 877 postea
862 841 979 876 quam
1013 828 1194 865 defensor
1223 826 1304 864 eius
1337 828 1473 864 consul

161 900 219 931 est
237 893 369 937 faetus,
391 892 612 930 absolvitur.
669 892 764 941 quid
790 891 932 940 igitur?
960 891 1067 940 quod
1092 898 1173 928 tota
1201 889 1338 935 Sicilia,
1367 890 1472 938 quod

161 969 298 995 omnes
318 957 446 1003 Siculi,
468 970 604 994 omnes
627 956 894 1005 negotiatores,
919 968 1054 993 omnes
1083 954 1261 1004 publicae
1290 953 1473 1003 privatae-

161 1032 237 1069 que
269 1019 418 1058 litterae
449 1021 600 1057 Romae
632 1027 731 1065 sunt,
764 1019 910 1057 nihilne
941 1018 980 1056 id
1006 1018 1177 1056 valebit?
1232 1017 1326 1054 nihil
1352 1017 1472 1054 invito

161 1085 320 1123 consule
357 1085 570 1133 designato.
627 1085 732 1133 quid,
765 1084 911 1121 iudices
944 1096 1023 1121 non
1058 1082 1219 1120 crimina
1248 1095 1327 1120 non
1355 1089 1472 1130 testes

161 1147 242 1185 non
266 1147 590 1186 existimationem
620 1147 754 1197 populi
780 1147 948 1186 Romani
978 1149 1213 1196 sequentur?
1269 1159 1366 1184 non:
1396 1134 1474 1183 om-

162 1212 226 1250 nia
262 1212 302 1250 in
339 1212 452 1250 unius
489 1220 680 1262 potestate
718 1225 763 1250 ac
794 1211 1060 1250 moderatione
1093 1218 1297 1249 vertentur.
1354 1211 1470 1247 VIII.
1494 1221 1518 1237 [ψ

163 1289 250 1314 vere
279 1277 426 1325 loquar,
460 1277 618 1314 iudices.
676 1277 923 1315 vehementer
953 1289 1014 1314 1ne
1044 1276 1141 1313 haec
1166 1289 1224 1313 res
1256 1287 1474 1312 commove-

162 1342 240 1378 bat.
297 1340 465 1389 optimus
487 1341 590 1378 enim
616 1340 781 1390 quisque
808 1340 860 1378 ita
884 1341 1139 1389 loquebatur:
1174 1339 1259 1377 iste
1289 1338 1470 1388 quidem

203 1416 300 1446 immo
315 1416 401 1454 vero]
421 1417 498 1456 ‘nay
513 1415 620 1446 rather
637 1415 652 1446 I
669 1416 785 1446 should
898 1425 945 1447 20.
995 1426 1100 1445 omnes
1129 1415 1245 1454 Siculi]
1284 1415 1337 1446 the
1367 1415 1472 1446 words

161 1469 216 1498 say
244 1459 297 1489 the
324 1465 468 1489 moment
492 1469 512 1489 a
538 1469 612 1488 man
643 1459 708 1489 had
738 1464 786 1489 set

160 1511 234 1541 eyes
256 1512 298 1532 on
321 1512 373 1532 me
396 1501 436 1532 he
460 1502 639 1542 proceeded
669 1506 702 1531 to
729 1502 785 1532 tell

161 1543 238 1575 me‘.
287 1544 342 1575 On
368 1549 404 1574 ut
423 1544 553 1585 qltzquue
573 1555 625 1575 see
651 1544 786 1584 Madvig

160 1589 176 1624 ξ
193 1596 275 1628 495:
299 1586 349 1617 for
364 1587 418 1617 the
439 1587 617 1627 pluperfect
633 1587 783 1617 followed

163 1629 204 1669 by
220 1630 275 1660 the
290 1629 456 1670 imperfect
474 1630 507 1660 cf
519 1630 559 1660 ad
578 1631 635 1660 Att
654 1637 676 1659 V
696 1640 734 1660 10
750 1635 786 1660 ut

160 1672 304 1704 Athenas
318 1683 465 1703 veneram
481 1673 700 1712 exspectabam.

203 1714 390 1755 indignum]
416 1717 424 1731 ‘
435 1715 624 1745 scandalous
637 1714 654 1744 ’.

203 1757 240 1788 in
255 1757 431 1788 criminum
449 1758 580 1796 ratione]
609 1758 683 1789 ‘the
709 1768 784 1788 con-

162 1799 239 1831 duct
265 1799 303 1831 of
324 1800 379 1831 the
402 1800 592 1831 indictment
615 1801 646 1831 in
671 1802 710 1831 its
733 1812 783 1830 va-

162 1843 247 1873 rious
263 1841 405 1874 eounts’:
431 1843 477 1873 for
490 1843 571 1873 ratio
584 1843 614 1873 in
628 1854 668 1873 an
682 1845 784 1874 active

161 1895 253 1915 sense
266 1899 295 1911 =
309 1885 458 1922 conduct,
487 1892 726 1925 management,
755 1885 789 1916 cf

162 1928 203 1958 de
225 1928 269 1958 fin
284 1930 340 1966 V§
363 1938 392 1958 Η
414 1929 520 1959 where
540 1927 787 1968 vitae’privatae

162 1970 244 2000 ratio
273 1970 300 2001 is
331 1971 384 2002 the
413 1971 581 2002 antithesis
612 1977 645 2001 to
675 1982 783 2001 rerum

157 2013 362 2053 publicarum
407 2014 505 2044 rectio.
598 2014 782 2044 Crimitmm

165 2055 326 2089 ‘counts’.
353 2066 406 2086 see
424 2066 484 2096 pro
508 2056 584 2086 Mur
608 2058 625 2094 ξ
650 2055 689 2095 67
712 2067 782 2087 con-

157 2099 283 2139 gredere
298 2109 415 2129 mecum
432 2099 620 2129 criminibus
634 2099 720 2138 ipsis.

201 2145 336 2181 spectare
348 2142 509 2180 videbant]
531 2141 579 2172 for
595 2141 648 2172 the
664 2141 784 2181 ending

162 2183 194 2213 in
210 2184 395 2214 hexameter
411 2184 539 2224 rhythm
558 2183 591 2214 cf
604 2192 629 2214 11
654 2184 685 2214 in
703 2185 783 2214 Ver-

162 2236 229 2256 rem
254 2228 312 2264 11§
336 2238 376 2265 24
398 2228 550 2267 quaesisse
573 2227 706 2261 videtur,
725 2237 784 2267 pro

163 2269 249 2299 Rosc
279 2270 382 2300 Amer
403 2272 420 2308 ἓ
444 2278 484 2306 30
519 2270 618 2299 abesse
645 2270 780 2299 videtur.

163 2311 341 2350 Quintilian
369 2320 408 2343 IX
438 2326 457 2351 4
488 2313 521 2351 ἓξ
553 2312 676 2351 72—78
707 2322 781 2343 con-

161 2354 275 2385 demns
291 2354 324 2385 it.

851 1469 957 1489 omnes
985 1458 1098 1494 Siculi,
1133 1469 1238 1488 omncs
1271 1459 1472 1498 nogotiatores

851 1512 904 1531 are
921 1501 1108 1541 epexegetic
1121 1501 1157 1531 of
1165 1505 1226 1531 tota
1244 1501 1366 1531 Sz'cllz'cz.
1401 1501 1472 1531 The

852 1545 1050 1583 mgrotiotores
1076 1554 1160 1574 were
1188 1544 1315 1574 Roman
1343 1543 1472 1574 citizens

851 1587 966 1617 settled
989 1587 1021 1617 in
1042 1587 1096 1617 the
1112 1586 1290 1627 provinces.,
1309 1587 1383 1617 who
1406 1586 1471 1617 lent

850 1640 969 1670 money
984 1637 1016 1660 at
1040 1629 1171 1660 interest
1195 1630 1257 1659 and
1283 1629 1406 1669 bought
1430 1640 1472 1669 up

850 1682 927 1702 corn
938 1683 980 1702 on
991 1672 1201 1713 speculation‚
1217 1672 1280 1702 csH
1296 1674 1326 1702 in
1337 1672 1470 1702 Verrem

850 1722 877 1745 ΙΙ
894 1717 910 1752 ἓ
931 1714 967 1745 16
982 1715 1061 1745 cives
1078 1714 1221 1745 Romani
1240 1716 1297 1755 qui
1311 1714 1346 1745 in
1363 1715 1471 1745 Sicilia

850 1758 1068 1797 negotiantur:
1084 1758 1159 1798 they
1172 1768 1225 1788 are
1237 1758 1470 1798 distinguished

849 1800 931 1830 from
948 1805 1128 1830 mercatores
1150 1801 1182 1830 in
1206 1800 1274 1830 ibid
1297 1802 1313 1838 ξ
1334 1802 1391 1831 188
1408 1800 1470 1830 and

850 1853 908 1883 pro
923 1843 1022 1873 Plane
1037 1842 1102 1881 §64
1121 1843 1364 1882 nogotiatoribus
1378 1844 1472 1873 comis

850 1886 1071 1916 mercatoribus
1086 1886 1196 1916 iustus.

890 1929 1149 1959 existimationem
1171 1928 1287 1969 populi
1314 1928 1471 1965 Romani]

853 1973 861 1986 ‘
875 1971 983 2011 public
1002 1970 1161 2011 opinion',
1182 1971 1216 2002 cf
1227 1972 1260 2009 ἐξ
1283 1980 1327 2008 10,
1349 1980 1396 2009 15,
1415 1980 1468 2008 17:

849 2024 910 2044 one
933 2014 970 2044 of
992 2014 1047 2045 the
1076 2024 1174 2054 many
1199 2013 1408 2043 illustrations
1438 2013 1474 2042 of

849 2057 903 2087 the
933 2056 1106 2087 difference
1136 2056 1172 2086 of
1191 2057 1246 2086 the
1275 2056 1366 2095 spirit
1396 2055 1433 2085 os
1451 2066 1470 2085 a

850 2099 978 2129 Roman
999 2099 1071 2130 trial
1088 2099 1170 2129 from
1186 2099 1256 2129 that
1273 2098 1308 2129 of
1325 2109 1366 2128 an
1383 2098 1469 2138 Eng-

847 2141 910 2172 lish
926 2152 997 2173 one.

890 2184 1109 2222 moderatione]
1134 2184 1188 2214 the
1212 2194 1282 2223 way
1306 2183 1337 2213 in
1364 2182 1469 2213 which

847 2226 902 2257 the
913 2232 1045 2267 potestas
1061 2229 1086 2257 is
1103 2227 1276 2257 exercised.

889 2270 1064 2308 vertentur]
1099 2271 1107 2285 ‘
1121 2269 1204 2300 shall
1227 2275 1310 2305 turn,
1337 2265 1468 2309 hinge’‚

847 2311 931 2350 Livy
947 2320 1081 2342 xxxvn
1100 2320 1127 2350 7.

889 2354 954 2385 viii.
974 2355 1029 2385 iste
1038 2354 1161 2395 quictem
1168 2379 1173 2385 .
1181 2380 1187 2385 .
1195 2354 1258 2385 ,sed
1266 2354 1335 2392 nos]
1344 2367 1371 2379 z
1381 2351 1470 2386 οὗτος

1265 2409 1364 2444 6-2
