1669 2531
190 125 240 160 44
587 110 666 146 IN
698 108 733 156 Q
774 107 1117 146 CAECJLJUM
1311 104 1427 158 [xix
1448 108 1495 155 63

191 208 267 244 que
281 195 426 233 bellum
443 193 579 231 inferre
599 192 738 231 conari.
771 191 913 230 etenim
934 191 1005 230 ista
1024 198 1228 240 quaestura
1245 191 1295 229 ad
1315 204 1400 230 eam
1420 205 1498 229 rem

190 259 302 303 valet,
332 264 374 294 ut
403 255 680 294 elaborandum
708 253 777 292 tibi
805 254 845 291 in
872 253 1020 292 ratione
1056 253 1255 290 reddenda
1286 252 1345 300 sit,
1383 266 1499 302 quam

190 322 241 359 ob
267 333 347 358 rem
374 319 436 357 cui
463 326 644 367 quaestor
666 317 780 355 fueris
809 331 978 363 accuses,
1007 330 1088 355 non
1116 324 1158 354 ut
1186 318 1236 354 ob
1265 329 1350 354 eam
1378 316 1500 365 ipsam

190 397 346 423 causam
366 383 643 432 postulandum
663 381 721 427 sit,
743 389 785 419 ut
805 381 873 419 tibi
901 381 1144 430 potissimum
1164 379 1359 418 accusatio
1377 381 1498 418 detur.

190 460 318 496 neque
337 447 415 484 fere
434 458 621 494 umquam
633 444 738 482 venit
757 444 797 481 in
817 443 1108 482 contentionem
1128 444 1178 481 de
1196 443 1416 481 accusando
1435 443 1503 491 qui

122 511 170 548 63
193 517 373 558 quaestor
392 508 536 555 fuisset,
557 507 652 556 quin
670 507 943 556 repudiaretur.
992 506 1122 555 itaque
1145 518 1273 554 neque
1292 507 1326 543 L
1349 505 1503 543 Philoni

191 573 231 610 in
258 574 290 610 C
319 571 519 610 Servilium
547 569 716 608 nominis
745 569 944 607 deserendi
971 576 1143 618 potestas
1172 576 1230 606 est
1258 569 1349 606 data
1376 581 1504 617 neque

193 637 238 672 M
280 634 437 672 Aurelio
484 635 626 671 Scauro
668 632 707 670 in
748 634 781 669 L
821 634 1003 669 Flaccum
1047 644 1176 680 neque
1215 633 1276 670 Cn
1315 631 1504 680 Pompeio

191 699 231 737 in
264 701 299 736 T
327 697 563 736 Albucium:
611 710 777 746 quorum
811 709 928 734 nemo
961 703 1118 745 propter
1155 696 1423 745 indignitatem
1452 709 1506 734 re-

191 763 373 813 pudiatus
411 770 480 808 est,
520 762 588 799 sed
625 774 675 798 ne
707 760 829 798 libido
858 760 1061 798 violandae
1097 760 1392 798 necessitudinis
1420 773 1507 797 auc-

192 825 345 864 toritate
373 825 545 863 iudicum
583 825 907 872 comprobaretur.
964 831 1081 872 atque
1110 823 1173 860 ille
1206 824 1267 861 Cn
1298 822 1506 871 Pompeius

193 890 247 928 ita
274 903 363 927 cum
394 890 426 927 C
457 889 558 926 Iulio
592 887 805 934 contendit,
840 895 882 925 ut
910 894 951 924 tu
980 900 1158 935 mecum,
1196 894 1375 935 quaestor
1403 886 1506 924 enim

193 952 349 991 Albucii
377 952 509 997 fuerat,
537 958 578 988 ut
607 958 648 988 tu
677 949 827 988 Verris:
858 949 980 987 Iulius
1009 950 1085 987 hoc
1112 962 1244 987 secum
1272 949 1508 986 auctoritatis

193 1018 245 1056 ad
272 1016 535 1054 accusandum
563 1015 770 1060 adferebat,
810 1014 928 1062 quod,
966 1020 1009 1051 ut
1045 1014 1120 1051 hoc
1156 1020 1329 1062 tempore
1356 1026 1428 1050 nos
1459 1013 1508 1051 ab

195 1079 342 1127 Siculis,
383 1078 438 1117 sic
465 1085 548 1116 tum
586 1077 649 1115 ille
685 1078 734 1114 ab
772 1077 898 1115 Sardis
926 1084 1080 1125 rogatus
1116 1076 1167 1113 ad
1199 1089 1355 1113 causam
1386 1088 1511 1113 acces-

196 1151 306 1182 serat.
364 1155 516 1191 semper
542 1142 638 1179 haec
669 1154 785 1178 causa
820 1140 1029 1190 plurimum
1058 1139 1189 1186 valuit,
1228 1152 1379 1189 semper
1414 1140 1511 1177 haec

196 1207 292 1245 ratio
328 1205 537 1244 accusandi
573 1205 644 1242 fuit
681 1204 962 1251 honestissima,
1001 1217 1072 1253 pro
1110 1203 1235 1250 sociis,
1282 1217 1351 1253 pro
1389 1204 1511 1241 salute

196 1271 428 1322 provinciae,
459 1284 528 1319 pro
559 1277 773 1307 exterarum
806 1268 1008 1306 nationum
1039 1267 1256 1306 commodis
1293 1267 1511 1305 inimicitias

197 1336 401 1385 suscipere,
422 1335 473 1372 ad
492 1334 704 1384 periculum
724 1334 920 1380 accedere,
941 1345 1108 1381 operam,
1137 1332 1320 1379 studium,
1341 1333 1512 1370 laborem

133 1406 181 1444 64
199 1401 451 1449 interponere.
513 1412 570 1435 20.
602 1397 743 1435 etenim
765 1397 795 1434 si
814 1396 1021 1446 probabilis
1051 1404 1107 1434 est
1136 1409 1269 1434 eorum
1298 1409 1424 1442 causa,
1445 1395 1512 1444 qui

199 1464 356 1503 iniurias
385 1476 471 1501 suas
499 1463 678 1511 persequi
697 1462 843 1508 volunt,
866 1474 942 1510 qua
970 1460 1009 1498 in
1037 1474 1077 1498 re
1105 1460 1230 1498 dolori
1257 1473 1338 1506 suo,
1359 1473 1439 1498 non
1458 1459 1513 1497 rei

243 1550 289 1581 ad
299 1560 366 1580 cam
384 1548 463 1586 rem]
478 1561 505 1573 =
519 1547 564 1577 ad
576 1547 617 1577 id.

243 1593 297 1623 cui
338 1596 481 1632 qmwslor
511 1589 632 1631 fitcrl's]
677 1588 726 1619 sor
767 1588 823 1619 the

202 1635 354 1666 omission
372 1633 408 1663 of
419 1634 473 1664 the
488 1632 738 1663 demonstrative
751 1642 826 1672 pro-

203 1688 289 1709 noun
307 1687 360 1707 see
377 1676 511 1715 Madvig
526 1677 542 1713 §t
562 1684 634 1714 321,
652 1675 717 1704 and
737 1684 823 1705 com-

203 1730 280 1762 pare
296 1721 310 1757 ἓ
328 1729 365 1759 73
382 1719 498 1749 below.

240 1761 485 1803 postulandum]
515 1771 568 1791 see
584 1770 626 1790 on
641 1761 657 1797 ἓ
678 1770 725 1790 10.

888 1548 903 1584 ξ
924 1546 1007 1585 177),
1028 1546 1137 1576 whom
1159 1545 1214 1576 the
1239 1545 1426 1577 Sardinians
1448 1545 1513 1575 had

891 1589 1009 1620 chosen
1033 1589 1081 1619 for
1110 1588 1194 1619 their
1210 1593 1369 1628 palromts
1396 1588 1447 1625 (de
1470 1587 1519 1617 off

892 1640 918 1661 11
943 1633 959 1669 ξ
988 1632 1049 1669 50).
1095 1631 1125 1661 T
1150 1631 1308 1660 Albucius
1331 1636 1416 1661 went
1445 1630 1514 1660 into

891 1674 973 1704 exile
985 1674 1016 1704 in
1028 1674 1150 1704 Greece
1165 1674 1262 1712 (Tuse
1274 1673 1346 1714 disp
1358 1681 1380 1703 v
1396 1674 1412 1711 ἓ
1427 1674 1510 1711 108).

894 1717 1036 1747 Richter.

935 1764 1026 1799 alque
1055 1758 1120 1796 ille]
1149 1768 1223 1789 now
1252 1757 1356 1795 mark,
1384 1757 1438 1788 the
1467 1767 1514 1787 re-

247 1809 391 1846 φυηρ-Χίον
408 1803 539 1844 fitissct]
562 1803 590 1833 ei
616 1803 657 1833 de
687 1812 751 1843 quo
775 1812 825 1832 ac-

207 1848 348 1879 cusando
365 1851 446 1877 esset
463 1845 636 1876 contentio.

250 1890 301 1929 63.
348 1889 394 1919 Of
431 1889 486 1918 the
526 1888 684 1918 instances
722 1886 829 1916 which

208 1933 328 1969 follow,
348 1932 402 1962 the
422 1931 483 1961 last
505 1931 598 1960 alone
615 1930 640 1960 is
658 1930 778 1959 known
795 1936 829 1959 to

209 1987 245 2006 us
261 1974 450 2013 accurately.
487 1974 536 2004 Cn
554 1973 725 2012 Pompeius
743 1972 829 2002 Stra-

210 2019 263 2055 bo,
294 2017 396 2047 father
422 2016 459 2046 of
479 2015 652 2055 Pompeius
676 2015 826 2054 MagnuS,

210 2060 338 2091 wanted
362 2064 395 2089 to
417 2059 512 2098 bring
534 2069 552 2088 a
576 2057 691 2096 charge
715 2057 751 2087 of
776 2066 828 2086 ex-

211 2103 330 2134 tortion
362 2102 407 2139 (in
446 2109 495 2131 BC
537 2102 606 2138 103)
641 2099 764 2139 against
800 2098 829 2127 T

212 2145 369 2176 Albucius
391 2144 500 2174 whose
519 2143 679 2182 Quaestor
701 2142 740 2171 he
765 2141 830 2170 had

212 2189 293 2219 been
311 2188 342 2217 in
360 2186 519 2222 Sardinia,
537 2186 593 2215 but
610 2195 675 2214 was
692 2183 829 2213 worstcd

213 2232 245 2261 in
268 2231 321 2260 the
336 2229 493 2259 divinalia
512 2228 656 2258 between
677 2227 744 2256 him
767 2225 830 2255 and

214 2274 241 2304 C
261 2273 366 2313 Julius
396 2271 526 2307 Caesar,
554 2281 573 2300 a
601 2269 738 2310 popular
761 2278 830 2297 ora-

214 2321 264 2346 tor
297 2315 334 2345 of
363 2315 417 2344 the
451 2314 538 2350 time,
565 2313 628 2342 and
658 2310 832 2351 especially

215 2356 449 2397 distinguished
472 2356 521 2387 for
542 2355 592 2386 his
616 2354 671 2385 wit
703 2354 832 2394 (Brutus

893 1801 1012 1832 lations
1033 1801 1069 1831 of
1088 1801 1142 1831 the
1162 1802 1281 1840 parties
1297 1811 1381 1831 were
1397 1800 1429 1830 in
1446 1800 1515 1830 that

895 1855 967 1875 case
984 1844 1038 1874 the
1054 1854 1141 1874 same
1157 1854 1191 1873 as
1208 1843 1239 1873 in
1256 1843 1310 1873 the
1326 1847 1465 1882 present.

937 1887 1044 1924 causa]
1098 1885 1217 1927 ‘plea’.
1272 1886 1363 1923 ratio,
1411 1885 1514 1925 ‘prin-

896 1929 1006 1970 ciple’.

937 1975 1117 2002 exterarum
1134 1969 1317 2008 nationum]
1334 1979 1385 2000 see
1401 1979 1443 2000 on
1456 1970 1472 2007 ἓ
1488 1976 1514 2008 7.

939 2013 1147 2053 z'nlmssomrc]
1164 2023 1216 2043 see
1232 2023 1273 2043 on
1290 2011 1306 2047 ἓ
1324 2022 1373 2042 21.

939 2067 990 2086 xx.
1008 2055 1059 2096 64.
1090 2056 1232 2086 iniurias
1246 2055 1333 2093 suas]
1349 2064 1401 2085 see
1418 2053 1517 2084 Meri-

896 2099 971 2129 vale
1001 2109 1018 2129 c
1055 2110 1096 2136 44
1132 2098 1202 2128 ‘the
1240 2097 1384 2127 Romans
1421 2096 1517 2126 made

898 2152 940 2172 no
963 2141 1090 2181 scruple
1112 2140 1148 2171 of
1166 2140 1315 2179 avowing
1337 2139 1420 2170 their
1446 2149 1516 2179 per-

898 2184 989 2214 sonal
1018 2183 1237 2219 animosities3
1273 2182 1327 2212 the
1364 2181 1454 2221 spirit
1484 2180 1522 2211 of

898 2236 1036 2265 revenge
1057 2225 1136 2256 with
1159 2225 1246 2255 them
1272 2234 1337 2254 was
1368 2234 1387 2254 a
1415 2223 1518 2254 virtue

898 2269 1005 2299 which
1029 2279 1048 2298 a
1070 2278 1146 2298 man
1168 2267 1275 2297 would
1305 2267 1398 2297 affect
1423 2265 1450 2296 is
1476 2265 1518 2296 he

897 2311 962 2341 had
992 2311 1016 2341 it
1046 2316 1102 2340 not
1113 2309 1130 2346 ',
1155 2310 1219 2340 and
1249 2309 1303 2340 the
1333 2308 1518 2349 quotations

896 2353 986 2384 there
1000 2353 1096 2394 given
1111 2352 1144 2382 in
1160 2356 1262 2384 noteS.
1311 2351 1513 2389 Sometimes,
