1669 2531
172 62 230 98 VI
255 57 319 112 20]
348 64 351 69 '

660 60 879 97 DIVINA
889 59 985 96 TJO
1434 73 1449 97 1
1459 71 1478 109 5

168 148 200 185 C
220 147 371 193 Verres,
397 144 568 195 eripuisti
597 152 713 194 atque
731 144 932 191 abstulisti,
955 157 1034 193 quo
1054 144 1215 183 nomine
1243 147 1312 184 abs
1341 153 1379 184 te
1405 159 1480 184 ses-

167 209 321 247 tertium
349 208 501 246 miliens
530 221 578 246 ex
604 209 689 257 lege
715 208 876 256 repeto'.
926 207 956 244 si
984 207 1173 255 universa,
1202 215 1245 246 ut
1273 208 1363 256 dixi,
1393 222 1479 258 pro-

165 273 292 312 vincia
328 273 435 322 loqui
471 280 614 322 posset,
646 273 719 310 hac
747 284 844 309 voce
873 278 1066 310 uteretur:
1115 272 1299 321 quoniam
1327 273 1366 311 id
1397 286 1477 312 non

163 345 325 388 poterat,
347 339 482 375 harum
501 350 625 375 rerum
645 343 815 374 actorem
842 349 956 385 quern
978 336 1164 374 idoneum
1190 350 1274 376 esse
1297 338 1478 376 arbitrata

164 409 221 440 est
245 403 328 451 ipsa
348 402 499 451 delegit.

556 401 596 438 in
625 401 704 438 eius
733 399 841 439 modi
870 413 911 438 re
939 400 1145 449 quisquam
1165 408 1244 439 tam
1269 402 1474 451 impudens
1495 408 1543 444 20

162 467 382 515 reperietur,
403 466 468 515 qui
488 466 538 504 ad
562 465 727 502 alienam
753 477 908 502 causam
932 464 1061 503 invitis
1090 465 1136 504 iis
1165 479 1332 515 quorum
1360 480 1476 517 nego-

162 528 259 566 tium
279 537 336 568 est
363 529 548 566 accedere
570 534 636 565 aut
658 527 852 576 adspirare
874 528 1047 566 audeat?
1102 529 1135 565 6.
1168 529 1199 567 si
1220 529 1300 576 tibi,
1324 531 1362 578 Q
1382 532 1476 570 Cae-

162 593 235 640 cili,
257 594 333 631 hoc
351 592 469 631 Siculi
497 592 691 630 dicerent:
723 595 783 630 ‘te
802 605 883 630 non
902 592 1092 640 novimus,
1113 594 1306 632 nescimus
1327 595 1392 643 qui
1412 595 1473 643 sis,

161 671 372 707 numquam
398 664 435 695 te
460 665 574 695 antea
592 656 769 703 vidimus,
801 656 882 695 sine
910 670 982 695 nos
1011 670 1080 706 per
1109 670 1196 695 eum
1225 666 1375 697 nostras
1404 661 1475 698 for-

160 729 270 759 tunas
301 721 518 767 defendere,
551 719 658 758 cuius
678 721 774 758 fides
805 727 862 758 est
889 719 1003 758 nobis
1037 721 1236 770 cognita':
1270 735 1402 760 nonne
1432 722 1472 760 id

160 785 341 832 dicerent,
372 786 478 834 quod
498 783 617 822 cuivis
637 786 801 833 probare
820 785 1037 823 deberent?
1090 798 1196 823 nunc
1216 787 1292 824 hoc
1312 786 1446 825 dicunt
1463 801 1470 824 :

159 857 363 898 utrumque
383 862 423 887 se
442 862 557 887 nosse
570 864 581 897 3
609 850 773 887 alterum
802 862 842 887 se
871 862 1013 898 cupere
1034 850 1278 888 defensorem
1298 863 1381 889 esse
1400 852 1472 889 for-

158 960 222 981 was
238 949 381 981 founded
402 960 491 990 upon
509 949 563 980 the
578 949 629 979 lex
644 949 779 989 Rupilia

157 992 194 1023 of
206 1001 225 1023 Β
235 1000 254 1023 C
270 1003 340 1033 13²·
379 993 445 1023 For
457 992 510 1023 the
523 992 731 1023 constitution
746 992 783 1023 of

157 1035 211 1066 the
241 1036 318 1066 iura
339 1035 589 1075 provinciarum
619 1035 662 1075 by
688 1045 779 1066 sena-

156 1078 250 1108 torial
282 1078 513 1113 commissions,
545 1087 597 1108 see
636 1078 780 1118 Ramsay

156 1131 178 1160 p
201 1119 267 1151 186.
315 1120 418 1150 Halm
441 1120 536 1150 refers
553 1126 586 1150 to
603 1128 631 1150 ΙΙ
648 1120 681 1150 in
697 1120 777 1151 Ver-

156 1173 223 1193 rem
241 1171 267 1193 ΙΙ
284 1162 300 1198 ἓ
317 1174 357 1202 40
372 1173 443 1193 cum
455 1167 582 1193 senalus
596 1163 774 1193 consultum

155 1206 357 1242 intercedmt,
376 1206 465 1236 cuius
479 1206 617 1235 consulto
632 1205 666 1235 P
676 1205 779 1246 Rupi-

155 1248 219 1278 lius
242 1249 278 1278 de
301 1249 397 1278 decem
423 1249 597 1288 ltgalm‘nm
626 1249 779 1278 sententia

153 1291 230 1331 leges
252 1291 289 1320 in
314 1291 426 1321 Sicilia
453 1291 655 1321 constituerat
664 1301 678 1327 ,·
705 1301 777 1321 cum

153 1343 259 1363 omnes
283 1338 358 1363 ante
380 1337 409 1363 te
425 1338 600 1373 praetorem
626 1334 779 1373 Rupilias

153 1376 230 1415 leges
244 1380 271 1405 et
286 1376 321 1405 in
337 1376 441 1406 ceteris
456 1375 545 1406 rebus
558 1380 587 1406 et
600 1376 635 1406 in
652 1377 778 1407 iudiciis

153 1418 293 1448 maxime
305 1422 479 1448 servassent
482 1443 557 1449 ......

194 1471 254 1501 qno
270 1461 408 1499 nemim]
435 1461 536 1491 Halm
559 1471 726 1501 compares
748 1469 775 1491 ΙΙ

152 1502 185 1533 in
201 1504 336 1534 Verrem
352 1511 364 1533 Ι
380 1505 396 1541 ξ
414 1513 452 1542 23
469 1504 524 1533 lzoc
549 1514 613 1533 uno
636 1504 772 1540 nomine,

152 1545 295 1576 Velleius
311 1554 323 1576 Ι
341 1555 357 1584 3
374 1548 390 1584 ἕ
409 1556 424 1576 2
441 1556 502 1587 quo
518 1547 645 1576 nomine
659 1547 778 1577 mirari

151 1589 295 1619 convenit
307 1599 353 1619 eos
371 1589 429 1629 qm·
432 1613 507 1619 ......
514 1589 562 1619 As
580 1589 713 1619 Richter
727 1600 775 1620 re-

150 1631 269 1668 marks,
297 1631 322 1661 it
351 1632 575 1672 almostzqua
604 1632 640 1662 de
667 1643 773 1662 causa.

153 1676 213 1704 See
229 1684 287 1714 pro
306 1674 391 1704 Rose
407 1684 480 1704 eom
495 1675 563 1713 §40
573 1675 636 1704 alio
648 1675 777 1705 nomine

150 1721 177 1746 cl
191 1717 257 1746 alia
270 1717 306 1746 de
319 1727 414 1747 causa
425 1717 595 1755 abstulisse,
609 1727 667 1758 pro
678 1717 773 1748 Plan-

151 1759 200 1789 cio
219 1760 234 1796 ἓ
252 1758 304 1789 68.
759 1777 761 1779 ·

191 1802 361 1832 sestertium
388 1802 524 1840 miliens]
555 1802 613 1833 but
640 1802 673 1833 in
701 1810 713 1833 Ι
740 1803 773 1833 in

149 1843 284 1874 Verrem
307 1846 323 1881 ξ
348 1843 386 1881 56
403 1845 468 1874 and
484 1852 511 1874 ΙΙ
527 1845 560 1875 in
577 1845 710 1876 Verrem
728 1853 739 1875 Ι
757 1848 771 1883 ξ

151 1895 189 1924 27
216 1897 264 1917 we
291 1886 358 1917 find
385 1887 409 1917 it
435 1887 539 1917 stated
561 1887 631 1918 that
654 1888 771 1918 Verres

148 1929 212 1959 had
230 1929 350 1959 carried
366 1929 415 1959 off
429 1930 599 1960 sestertium
615 1931 771 1970 quadrin-

144 1973 293 2010 gentiens.
343 1971 377 2002 If
396 1972 475 2002 both
490 1973 641 2004 numbers
664 1984 717 2003 are
736 1979 770 2004 to

148 2014 188 2044 be
216 2015 313 2044 taken
343 2025 377 2044 as
404 2020 506 2050 exact,
533 2015 587 2045 the
613 2021 771 2056 apparent

148 2057 382 2097 inconsistency
392 2057 458 2087 will
476 2057 552 2097 only
563 2058 602 2088 be
618 2060 770 2089 removed

147 2099 191 2139 by
206 2100 384 2140 supposing
399 2100 477 2130 with
500 2100 618 2140 Zumpt
637 2102 769 2141 (quoted

149 2142 190 2182 by
218 2142 332 2180 Halm)
360 2143 430 2173 that
459 2142 513 2173 the
542 2143 593 2173 lex
623 2144 769 2174 Cornelia

146 2184 294 2225 imposed
317 2195 337 2215 a
362 2185 494 2225 penalty
525 2185 563 2224 ²1¹}
593 2186 689 2217 times
714 2187 769 2217 the

146 2233 279 2258 amount
303 2227 340 2258 of
361 2228 417 2258 the
439 2238 510 2258 sum
528 2229 685 2259 extorted.
731 2240 769 2259 ex

145 2270 208 2309 lege
221 2269 296 2301 here
318 2280 422 2302 seems
445 2276 478 2302 to
500 2281 594 2311 agree
610 2271 688 2302 with
705 2271 768 2303 this

146 2322 239 2343 view.

887 950 1052 989 universa]
1062 963 1090 974 =
1098 960 1166 980 una
1182 961 1251 981 voce
1265 951 1378 982 above.

888 1003 953 1022 non
974 993 1115 1033 poterat]
1149 993 1204 1024 the
1230 995 1471 1031 προσωποποιΐα

845 1034 872 1065 is
902 1035 1040 1076 cleverly
1066 1036 1161 1066 made
1187 1041 1221 1067 to
1247 1037 1331 1078 keep
1356 1037 1389 1067 in
1415 1038 1470 1068 the

844 1078 1055 1118 background
1079 1078 1134 1109 the
1156 1078 1220 1110 fact
1242 1080 1311 1110 that
1328 1080 1381 1110 the
1397 1090 1469 1120 pro-

844 1121 938 1151 vince
968 1121 1064 1152 could
1095 1121 1171 1162 only
1200 1122 1297 1162 plead
1330 1123 1469 1163 through

845 1173 864 1193 a
886 1164 1146 1203 representative.
1195 1165 1257 1196 See
1273 1175 1315 1195 on
1330 1166 1466 1205 cognito-

845 1208 943 1244 rem§
963 1216 1010 1236 11.
1058 1207 1169 1237 Halm.

887 1259 938 1279 20.
970 1249 1154 1289 quisquam]
1192 1251 1302 1281 stands
1333 1249 1400 1281 first
1433 1251 1467 1281 in

845 1291 1009 1331 questions
1025 1292 1103 1322 with
1119 1292 1174 1322 the
1189 1292 1274 1324 force
1290 1293 1327 1323 of
1338 1304 1356 1324 a
1371 1304 1467 1334 nega-

843 1334 918 1371 tive,
948 1334 1084 1374 Madvig
1110 1336 1125 1372 ἓ
1154 1345 1254 1375 494a.
1304 1336 1349 1367 So
1379 1339 1396 1374 ἓ
1425 1335 1467 1368 60

842 1387 1043 1417 quemquam,
1060 1379 1076 1415 ἕ
1093 1376 1132 1416 65
1149 1378 1329 1418 quisquam,
1350 1379 1390 1410 de
1411 1385 1466 1410 nat

843 1419 922 1449 deor
953 1427 994 1450 ΙΙΙ
1026 1419 1042 1456 ἓ
1076 1427 1115 1459 70
1143 1421 1354 1461 quisquamne
1387 1423 1467 1452 istuc

841 1466 935 1502 negat
947 1462 963 1492 ?

883 1504 1061 1545 adspirare]
1084 1505 1212 1536 weaker
1226 1506 1304 1537 than
1319 1507 1465 1538 accedere.

842 1547 923 1577 This
936 1548 1026 1578 word
1039 1548 1065 1578 is
1078 1548 1110 1578 in
1124 1549 1267 1579 classical
1281 1550 1378 1580 Latin
1390 1551 1466 1591 only

840 1590 921 1620 used
945 1590 979 1620 in
1008 1591 1157 1631 negative
1184 1592 1316 1624 clauses.
1367 1593 1464 1624 Com-

841 1643 918 1673 pare
942 1634 958 1671 §
984 1642 1032 1671 51,
1060 1641 1087 1663 11
1113 1634 1146 1664 in
1162 1634 1297 1665 Verrem
1324 1643 1336 1665 Ι
1361 1637 1378 1673 ἓ
1407 1646 1463 1675 142

840 1675 921 1715 quid
931 1676 1017 1706 enim
1038 1676 1206 1717 quisquam
1229 1678 1275 1707 ad
1294 1689 1394 1708 meam
1411 1683 1464 1718 pe-

840 1719 972 1748 cuniam
997 1729 1045 1749 me
1058 1719 1159 1749 invito
1173 1720 1327 1760 adspirat,
1346 1721 1464 1752 Brutus

842 1762 858 1798 ἓ
885 1761 925 1800 84
945 1772 984 1791 ex
1007 1761 1110 1792 bellica
1137 1763 1232 1793 lande
1255 1764 1401 1804 aspirare
1422 1765 1468 1794 ad

838 1803 1038 1843 Africanum
1062 1815 1151 1834 nemo
1167 1810 1276 1845 potest,
1299 1817 1359 1847 pro
1383 1807 1462 1838 Cae-

839 1846 942 1884 cina§
960 1857 1010 1886 39,
1037 1847 1070 1877 in
1095 1848 1245 1878 Pisonem
1267 1850 1283 1886 ἓ
1308 1859 1354 1886 11,
1375 1849 1464 1890 Verg

839 1889 914 1919 Aen
939 1897 991 1919 ΧΗ
1013 1898 1082 1928 352.
1132 1890 1194 1921 See
1221 1891 1463 1932 N'agelsbachs'

843 1941 900 1971 132
917 1942 939 1972 p
957 1933 1026 1971 382.

881 1974 924 2005 vi.
964 1975 1021 2015 qm'
1034 1975 1089 2014 sis]
1113 1976 1171 2016 qui
1184 1987 1218 2007 as
1239 1977 1331 2007 usual
1348 1988 1389 2008 an
1404 1978 1460 2008 ad-

834 2016 962 2057 jective,
989 2018 1157 2058 Madvig§
1179 2020 1228 2050 88.
1259 2021 1266 2034 ‘
1280 2020 1343 2050 We
1363 2020 1461 2051 know

837 2064 895 2090 not
911 2060 998 2091 what
1014 2066 1079 2091 sort
1096 2061 1132 2091 of
1143 2072 1219 2092 man
1234 2072 1297 2102 you
1314 2062 1380 2093 be’.

879 2103 992 2141 cuivis]
1007 2105 1015 2118 ‘
1023 2113 1086 2143 any
1096 2114 1158 2134 one
1167 2115 1231 2144 you
1241 2104 1369 2145 please’.
1398 2105 1460 2137 See

837 2144 934 2185 Roby
949 2147 982 2183 ἓξ
999 2147 1091 2186 2278,
1110 2148 1203 2177 2281.
1250 2148 1374 2179 Seneca
1394 2149 1460 2179 dial

836 2195 875 2218 IX
895 2198 929 2219 11
948 2190 964 2226 ἓ
981 2190 999 2219 8
1015 2194 1130 2229 quotes
1148 2189 1203 2220 the
1227 2189 1292 2221 line
1316 2190 1353 2221 of
1374 2191 1457 2222 Pub-

835 2230 897 2261 lius
912 2231 1013 2261 cuivis
1026 2235 1128 2271 potest
1143 2232 1278 2263 accidere
1296 2234 1382 2274 quod
1393 2235 1457 2264 cui-

835 2283 933 2314 quam
942 2278 1051 2314 potest.
