1669 2531
166 79 273 117 XIII
294 76 361 130 41]
664 76 990 115 DIVINATIO
1437 87 1484 123 ²9

166 177 262 203 voce
281 177 327 202 ac
344 163 488 203 viribus
508 163 704 202 sustinere.
762 165 922 203 fortasse
942 161 1073 200 dices:
1104 161 1221 210 ‘quid
1241 162 1360 210 ergo?
1388 160 1484 199 haec
1505 166 1555 204 40

166 228 207 267 in
233 236 273 267 te
301 235 390 267 sunt
418 228 550 267 omnia
566 229 598 266 ?’
654 227 802 266 utinam
831 226 991 276 quidem
1020 229 1172 264 essent!
1199 238 1334 263 verum
1352 231 1484 263 tamen

165 299 209 330 ut
228 304 312 330 esse
330 298 500 341 possent,
516 304 658 340 magno
678 291 808 329 studio
823 289 918 327 mihi
930 302 953 327 a
967 288 1132 338 pueritia
1151 296 1210 327 est
1229 289 1479 327 elaboratum.

166 354 307 404 quodsi
321 367 393 404 ego
406 355 502 392 haec
517 361 673 403 propter
687 352 995 403 magnitudinem
1011 365 1138 390 rerum
1152 365 1198 389 ac
1214 351 1481 389 difficultatem

165 417 329 467 adsequi
357 431 438 456 non
465 416 588 466 potui,
618 416 685 465 qui
714 416 753 454 in
783 415 889 454 omni
916 415 996 453 vita
1022 415 1118 452 nihil
1145 415 1252 452 aliud
1273 414 1344 464 egi,
1365 427 1482 464 quam

166 483 283 531 longe
312 489 352 520 tu
381 489 420 520 te
447 483 497 519 ab
525 481 585 519 his
613 482 726 519 rebus
754 482 891 518 abesse
919 479 1112 526 arbitrare,
1141 492 1235 529 quas
1258 492 1339 517 non
1361 480 1482 517 modo

168 554 282 585 antea
300 559 512 595 numquam
532 545 720 594 cogitasti,
742 545 810 583 sed
830 557 880 582 ne
899 557 1004 581 nunc
1029 543 1201 593 quidem,
1231 556 1321 580 cum
1349 543 1389 581 in
1418 557 1482 582 eas

166 609 389 659 ingrederis,
419 621 518 657 quae
547 615 585 646 et
613 615 782 657 quantae
811 607 887 646 sint
916 606 1101 656 suspicari
1121 609 1261 656 potes?
1320 619 1377 654 13.
1409 619 1481 655 ego
1501 608 1548 645 41

167 674 246 723 qui,
278 673 376 712 sicut
406 686 542 711 omnes
575 673 712 720 sciunt,
744 673 784 710 in
814 673 898 710 foro
929 671 1158 720 iudiciisque
1189 671 1243 709 ita
1270 684 1408 719 verser,
1440 679 1482 710 ut

166 738 343 776 eiusdem
370 737 506 775 aetatis
534 744 601 775 aut
628 750 744 775 nemo
772 744 838 774 aut
866 736 980 786 pauci
999 737 1127 785 plures
1148 749 1281 775 causas
1301 737 1482 774 defende-

164 802 252 849 rint,
281 808 320 840 et
344 801 410 850 qui
438 814 555 839 omne
584 809 737 851 tempus
768 802 874 850 quod
894 801 989 838 mihi
1008 802 1058 839 ab
1077 801 1291 839 amicorum
1315 801 1480 850 negotiis

165 867 277 905 datur
303 865 344 903 in
371 866 430 904 his
459 865 595 904 studiis
624 865 898 915 laboribusque
932 878 1172 913 consumam,
1203 879 1281 915 quo
1315 865 1482 915 paratior

856 980 917 1001 can
946 970 1043 1002 make
1072 981 1115 1001 no
1142 970 1242 1011 reply,
1273 971 1299 1002 is
1323 971 1481 1003 rendered

856 1014 899 1053 by
925 1014 1060 1044 Tischer
1083 1014 1222 1054 through
1252 1014 1306 1045 the
1337 1014 1480 1045 German

858 1056 975 1087 ‘nicht’
1007 1057 1089 1094 thus,
1129 1057 1209 1087 ‘wie
1238 1057 1312 1088 weit
1342 1057 1405 1088 bist
1435 1059 1479 1088 du

855 1099 944 1129 nicht
968 1099 1143 1130 entfernt?’
1190 1100 1245 1130 He
1269 1111 1435 1140 compares
1451 1108 1478 1131 ΙΙ

856 1141 889 1171 in
906 1141 1040 1172 Verrem
1057 1149 1094 1172 IV
1111 1142 1144 1179 ἐξ
1162 1149 1211 1181 57,
1232 1150 1281 1181 77,
1304 1153 1360 1184 ¹²9
1376 1144 1481 1174 lavem

855 1188 959 1214 autem
977 1185 1204 1224 Imperatorem
1227 1190 1345 1225 quanta
1367 1186 1483 1217 honore

855 1227 892 1257 in
916 1238 972 1257 sna
996 1228 1106 1267 templo
1119 1227 1225 1267 fnisse
1246 1229 1482 1260 arbitramini?

165 969 276 1008 cutio),
298 973 373 1010 post
395 970 547 1000 memoria
569 971 689 1011 saepire
712 972 793 1010 (me-

163 1013 290 1051 moria),
324 1013 370 1043 aa'
392 1017 568 1044 extremum
598 1024 690 1053 agere
716 1025 789 1044 cum

163 1056 319 1095 dtgnitate
346 1066 383 1086 ac
411 1060 570 1086 venustate
592 1057 789 1096 (pronuntia-

164 1098 237 1138 tio).
255 1098 327 1129 The
340 1098 499 1129 technical
509 1104 606 1129 tenns
619 1109 672 1129 are
683 1099 790 1129 added

164 1141 198 1171 in
214 1141 363 1172 brackets
379 1142 461 1172 from
477 1147 550 1172 auct
565 1142 608 1172 ad
625 1142 761 1172 Herenn
777 1150 789 1172 1

163 1185 179 1222 's‘
197 1195 226 1223 5·

205 1227 394 1266 expromere]
417 1231 451 1257 to
474 1231 532 1267 put
555 1227 640 1257 forth
664 1227 697 1257 in
720 1227 787 1258 lan-

162 1279 267 1310 guage
289 1270 376 1300 what
398 1269 439 1299 he
462 1269 520 1300 has
543 1269 681 1309 thought
711 1281 789 1301 over

163 1312 372 1342 beforehand.
412 1312 548 1343 Richter
563 1323 730 1353 compares
746 1314 788 1344 de

161 1354 288 1395 legibus
304 1363 330 1385 ΙΙ
346 1357 380 1393 ἐξ
400 1361 447 1393 17,
472 1355 518 1385 18.

204 1408 254 1436 40.
297 1398 424 1428 utinam
453 1397 592 1437 quidem]
641 1398 649 1412 ‘
664 1398 679 1428 I
711 1398 788 1439 only

161 1439 242 1470 wish
253 1440 328 1480 they
339 1440 446 1471 were'.
479 1441 544 1471 For
555 1441 617 1471 this
630 1442 787 1481 strength-

161 1483 244 1513 ened
274 1483 356 1513 sorrn
387 1483 424 1513 of
457 1483 510 1513 the
540 1483 621 1513 wish
653 1484 787 1514 Richter

161 1535 329 1566 compares
359 1526 400 1556 de
430 1531 485 1556 nat
516 1526 595 1556 deor
624 1534 667 1556 ΙΙΙ
699 1528 716 1563 ἓ
747 1527 784 1564 78

161 1568 288 1599 utinam
305 1568 429 1609 quidem
441 1568 454 1599 J
475 1569 529 1599 sed
542 1579 606 1599 non
622 1569 783 1599 audebitis.

203 1615 240 1640 ut
253 1621 311 1641 esse
317 1611 458 1651 possent]
481 1611 530 1641 sor
545 1611 599 1642 the
615 1612 742 1652 display
754 1612 791 1643 of

161 1653 310 1693 modesty
332 1653 407 1684 here
429 1664 482 1684 see
506 1654 687 1693 Quintilian
709 1663 747 1685 X1
769 1665 781 1684 1

160 1697 234 1733 §20
255 1697 380 1727 dicendi
391 1697 581 1736 fizcztltatem
607 1698 710 1737 magis
735 1698 788 1728 illi

160 1738 299 1769 detraxit
311 1750 409 1779 quam
425 1740 591 1779 arrogavit
610 1740 677 1777 sibi,
696 1751 785 1780 seque

160 1791 226 1811 non
240 1786 436 1812 consecutum
458 1783 511 1812 sed
533 1785 540 1797 ‘
553 1783 662 1812 amnia
674 1783 787 1822 fi'cisse

159 1828 197 1853 ut
203 1828 306 1864 posset
318 1834 386 1854 eam
403 1825 548 1864 consequi
552 1825 559 1837 ‘
575 1826 667 1856 dixit.

202 1867 298 1905 milei]
321 1866 370 1897 for
382 1867 444 1897 this
455 1867 562 1898 dative
572 1868 609 1898 of
620 1868 674 1899 the
686 1873 783 1907 agent

158 1908 240 1939 after
262 1910 446 1950 compound
470 1914 575 1941 tenses
599 1910 636 1941 of
657 1911 782 1951 passive

157 1952 252 1982 verbs
282 1962 334 1983 see
366 1952 502 1992 Madvig
525 1954 541 1990 ἕ
574 1963 635 1991 250
660 1964 689 1991 a,
717 1954 782 1984 and

157 2004 308 2035 compare
323 1996 340 2032 ἓ
357 1994 396 2025 26
413 1995 496 2025 milli
505 1995 584 2025 with
599 1997 615 2033 ξ
633 2005 668 2035 51
687 2007 707 2026 a
724 2007 780 2033 me,

156 2041 328 2077 susceptam
357 2037 509 2078 standing
537 2037 571 2068 in
601 2038 655 2069 the
687 2038 782 2069 latter

156 2090 291 2120 passage
315 2090 350 2110 as
374 2090 393 2110 a
415 2080 492 2110 bare
519 2080 687 2121 participle
716 2082 781 2112 and

156 2122 212 2153 the
227 2122 444 2153 construction
467 2122 566 2162 being
586 2123 723 2155 affected
738 2124 782 2164 by

156 2165 211 2195 the
226 2175 377 2196 nearness
394 2165 430 2196 of
442 2166 525 2195 milei
536 2167 698 2196 credztam.

198 2207 371 2247 arbitrare]
399 2208 491 2238 ‘how
502 2208 550 2238 far
561 2214 646 2239 must
660 2219 724 2249 you
739 2209 780 2240 be

156 2248 264 2281 from'.
313 2250 386 2281 The
415 2251 521 2282 subtle
550 2250 637 2282 force
666 2252 704 2282 of
725 2252 780 2283 the

155 2292 234 2322 verb
260 2291 298 2324 of
321 2293 474 2333 thinking
502 2293 547 2333 (so
570 2295 693 2334 putas),
719 2294 777 2324 im-

155 2334 269 2376 plying
290 2335 360 2367 that
382 2336 437 2367 the
463 2346 581 2378 person
606 2337 781 2369 addressed

855 1270 920 1300 and
936 1278 958 1299 V
975 1271 991 1308 ἓ
1011 1280 1080 1311 149.
1122 1270 1201 1300 A·dd
1214 1281 1273 1311 pro
1290 1271 1366 1301 Mur
1378 1273 1412 1310 ἐξ
1427 1281 1475 1312 35,

855 1323 872 1352 3
895 1365 967 1384 cum
1008 1355 1194 1395 ingrederis]
1232 1356 1281 1386 ‘at
1312 1356 1367 1387 the
1405 1368 1482 1398 very

854 1397 931 1428 time
948 1397 984 1428 of
995 1408 1076 1437 your
1092 1398 1158 1428 first
1174 1404 1265 1439 entry
1282 1399 1349 1430 into
1366 1400 1480 1431 them'.

854 1441 886 1470 A
903 1440 950 1470 hit
967 1446 999 1471 at
1016 1440 1178 1471 Caecilius
1201 1451 1235 1472 as
1258 1452 1277 1471 a
1293 1452 1365 1472 new
1380 1442 1480 1474 hand.

854 1483 980 1513 Forthe
991 1483 1164 1514 indicative
1174 1494 1226 1514 see
1240 1484 1397 1525 Madvig}
1407 1487 1480 1526 358,

853 1526 917 1555 and
934 1536 1085 1566 compare
1096 1527 1111 1563 ξ
1121 1536 1158 1565 41
1173 1537 1244 1556 cum
1264 1528 1360 1557 venit.

894 1568 960 1598 xiii.
985 1579 1036 1608 41.
1064 1569 1124 1608 qui
1137 1569 1182 1598 ita
1198 1570 1314 1610 verser]
1351 1572 1359 1586 ⁴
1371 1581 1390 1601 a
1404 1581 1480 1602 man

851 1611 962 1642 whose
977 1612 1117 1652 practice
1138 1612 1164 1642 is
1188 1622 1224 1642 so
1247 1611 1356 1652 great'.
1414 1614 1480 1645 For

851 1654 906 1684 the
921 1654 1124 1693 subjunctive
1147 1665 1200 1685 see
1218 1655 1354 1696 Madvig
1369 1656 1385 1693 ἓ
1403 1656 1474 1696 364,

851 1697 915 1727 and
940 1707 1091 1737 compare
1117 1698 1133 1734 ξ
1163 1707 1199 1734 51
1227 1698 1286 1738 qui
1304 1699 1355 1735 sz's,
1387 1707 1413 1729 11
1445 1700 1478 1730 in

851 1739 986 1770 Verrem
1003 1747 1025 1769 V
1044 1741 1060 1777 ἓ
1087 1748 1122 1778 71
1149 1741 1356 1780 &warascum
1377 1742 1475 1772 Immi-

850 1793 903 1812 7It'5
911 1782 1019 1822 perdi,
1033 1783 1091 1823 qui
1095 1807 1170 1813 ......
1175 1783 1268 1813 etiam
1282 1784 1399 1814 occulta
1410 1796 1477 1815 sus·

841 1825 953 1864 picari
959 1829 1094 1865 possent.

889 1868 1023 1898 eiusdem
1040 1868 1164 1907 aetatis]
1189 1868 1303 1899 Cicero
1320 1880 1385 1901 was
1401 1880 1476 1901 now

849 1909 882 1940 in
898 1910 948 1940 his
965 1910 1041 1950 37th
1057 1921 1142 1950 year.

890 1957 949 1983 aut
960 1964 1048 1984 nemo
1059 1958 1118 1983 ant
1124 1953 1240 1993 pauci]
1248 1967 1275 1978 =
1285 1965 1390 1986 scarce
1401 1966 1472 1996 any.

849 1995 1010 2036 Compare
1035 1996 1162 2027 Persius
1182 2004 1194 2026 Ι
1222 2008 1239 2037 3
1266 1998 1318 2027 vel
1341 1999 1402 2028 dno
1427 1999 1478 2029 vel

846 2048 944 2068 nemo.
985 2038 1030 2069 So
1052 2039 1086 2069 in
1106 2039 1214 2070 Greek
1231 2039 1253 2077 ἤ
1267 2051 1312 2070 τις
1328 2039 1347 2076 ἢ
1366 2042 1470 2079 οὐδείς,

846 2091 881 2111 as
907 2081 999 2112 Plato
1025 2081 1098 2122 Rep
1123 2081 1185 2122 496
1196 2092 1222 2119 c,
1254 2083 1344 2122 Apol
1372 2092 1408 2124 17
1437 2084 1469 2123 b,

847 2123 1034 2164 Xenophon
1051 2124 1118 2164 Cyr
1132 2132 1187 2155 vn
1206 2133 1222 2164 5
1239 2125 1255 2162 ἓ
1270 2135 1320 2165 45.

888 2167 999 2204 datur]
1023 2167 1049 2197 is
1064 2167 1121 2198 left
1136 2178 1199 2198 me.

887 2209 938 2239 lzis
965 2209 1090 2248 studiat]
1119 2209 1258 2249 pursuits
1288 2210 1358 2241 that
1388 2210 1471 2244 have

844 2251 908 2282 this
930 2252 1073 2292 bearing,
1100 2252 1270 2283 oratorical
1292 2253 1412 2285 studies
1436 2262 1470 2286 to

845 2293 881 2324 fit
910 2305 962 2325 me
992 2294 1041 2325 for
1070 2305 1125 2336 my
1152 2295 1252 2327 work.
1312 2296 1373 2328 See
1407 2307 1469 2338 pro

845 2336 1080 2375 Plancio§66.
