1669 2531
155 106 196 142 II
219 102 258 156 6]
650 103 974 142 DIVINATIO
1445 114 1463 151 5

153 190 313 237 iudices,
341 191 575 237 consolatur,
603 190 709 239 quod
734 190 832 227 haec
858 201 958 238 quae
984 187 1137 227 videtur
1162 200 1246 226 esse
1272 187 1467 225 accusatio

154 266 242 291 mea
272 266 352 291 non
382 253 511 303 potius
539 251 736 291 accusatio
765 264 879 301 quarn
909 250 1085 289 defensio
1114 257 1173 288 est
1200 249 1464 288 existimanda.

155 317 324 355 defendo
345 317 448 355 enim
467 318 610 354 multos
636 316 830 361 mortales,
855 315 996 351 multas
1019 313 1203 360 civitates,
1229 312 1467 362 provinciam

155 381 321 419 Siciliam
344 388 477 420 totam.
535 393 652 429 quam
673 380 725 417 ob
744 392 837 425 rem,
866 378 956 427 quia
977 390 1077 415 unus
1097 376 1191 414 mihi
1212 384 1269 415 est
1288 389 1470 414 accusan-

155 447 240 493 dus,
270 447 556 495 propemodum
582 457 738 482 manere
767 444 806 481 in
836 443 1011 482 instituto
1042 456 1132 481 meo
1160 443 1295 481 videor
1322 450 1361 481 et
1388 455 1469 481 non

155 509 316 547 omnino
336 523 359 547 a
379 508 636 547 defendendis
662 507 885 546 hominibus
912 507 1238 555 sublevandisque
1259 506 1466 544 discedere.

156 571 297 620 quodsi
334 572 435 608 hanc
472 584 629 608 causam
667 578 746 608 tarn
783 570 980 617 idoneam,
1023 578 1102 609 tarn
1140 571 1350 619 inlustrem,
1390 577 1509 613 tam6

155 649 311 685 gravem
331 649 411 673 non
431 636 627 682 haberem,
656 634 687 673 si
712 642 777 673 aut
802 636 878 673 hoc
897 648 920 673 a
939 649 1002 674 me
1032 635 1150 674 Siculi
1176 649 1254 674 non
1282 637 1470 686 petissent

154 707 221 738 aut
248 700 342 738 mihi
362 713 451 738 cum
477 700 614 739 Siculis
638 713 755 737 causa
783 707 914 737 tantae
943 699 1240 738 necessitudinis
1260 713 1340 738 non
1359 700 1471 738 inter—

153 764 319 810 cederet,
352 771 390 802 et
422 764 509 811 hoc,
542 764 649 813 quod
679 764 790 809 facio,
824 777 887 801 me
916 763 970 801 rei
996 763 1175 813 publicae
1203 778 1319 803 causa
1345 766 1471 806 facere

154 828 362 876 profiterer,
401 835 444 865 ut
481 828 602 865 homo
637 826 819 877 singulari
857 827 1081 877 cupiditate,
1117 828 1292 876 audacia,
1327 830 1471 866 scelere

154 893 362 942 praeditus,
385 893 494 931 cuius
514 895 615 931 furta
634 900 751 942 atque
771 893 915 943 flagitia
933 906 1014 931 non
1035 893 1075 931 in
1095 894 1224 932 Sicilia
1244 895 1382 941 solum,
1402 895 1471 932 sed

196 1012 260 1031 non
270 1001 534 1042 potius...quam]
558 1002 692 1032 Richter
703 1002 777 1033 well

154 1045 297 1075 remarks
321 1044 391 1075 that
421 1045 594 1075 this=non
623 1050 689 1076 tam
696 1070 771 1076 ......

153 1098 264 1128 quam,
291 1087 356 1118 and
386 1097 553 1128 compares
579 1088 620 1118 de
650 1093 720 1118 orat
748 1095 775 1118 11

154 1135 169 1168 ἕ
181 1139 240 1170 317
267 1131 302 1160 in
318 1141 382 1170 qna
401 1141 466 1161 non
489 1131 538 1161 vis
552 1131 660 1170 potins
678 1141 776 1171 quam

157 1173 276 1212 (rather
289 1173 352 1212 seaO
369 1173 524 1203 delectatio
533 1174 726 1214 postulatur.

196 1215 340 1256 ιίεχὶνιςὶο]
366 1216 415 1246 sor
430 1216 484 1247 the
500 1216 598 1247 views
614 1216 651 1246 of
663 1216 776 1247 Cicero

153 1259 218 1289 and
248 1258 356 1289 others
386 1269 428 1289 on
458 1259 513 1289 the
550 1260 715 1299 propriety
745 1258 782 1289 of

153 1301 308 1342 pleading
337 1311 380 1331 on
410 1301 464 1332 the
488 1301 556 1332 side
583 1302 620 1332 of
645 1302 699 1332 the
726 1312 777 1332 ac-

154 1344 251 1374 cused
274 1343 382 1374 rather
404 1344 483 1374 than
504 1354 546 1374 on
569 1344 639 1375 that
663 1344 700 1375 of
722 1344 776 1375 the

152 1397 284 1417 accuser
298 1397 350 1417 see
366 1392 442 1417 note
457 1397 500 1417 on
516 1388 531 1424 ξ
547 1397 572 1418 1.
615 1387 778 1427 Compare

152 1430 187 1460 in
211 1429 384 1470 particular
409 1430 450 1460 de
474 1430 522 1460 off
547 1438 572 1460 11
596 1431 630 1468 ἓξ
651 1439 778 1470 49—50

153 1473 260 1503 where
275 1472 388 1503 Cicero
400 1473 513 1503 allows
526 1473 581 1503 the
594 1479 664 1513 part
677 1472 714 1503 of
725 1483 776 1503 ac-

153 1525 244 1546 cuser
259 1520 294 1545 to
310 1515 350 1546 be
366 1516 465 1546 taken
481 1516 558 1556 only
569 1520 627 1546 ant
641 1516 688 1546 rei
695 1516 776 1556 pub-

152 1559 230 1589 licae
252 1563 311 1588 aut
339 1558 508 1588 ula'scendt
531 1562 590 1588 ant
602 1559 781 1599 patrocinii

153 1612 250 1631 causa
263 1601 327 1631 and
345 1601 422 1632 cites
436 1601 487 1632 his
499 1611 572 1631 own
589 1602 727 1632 conduct
743 1602 777 1632 in

154 1644 218 1675 this
234 1654 306 1674 case
322 1654 356 1674 as
372 1654 414 1674 an
430 1644 574 1675 instance
587 1644 623 1674 of
635 1644 689 1675 the
703 1644 772 1675 last.

197 1687 311 1716 multos
326 1687 483 1725 mortales]
507 1687 632 1718 Gellius
648 1695 719 1717 XIII
738 1697 778 1728 ‘²9

155 1729 222 1767 (28)
247 1729 324 1760 cites
349 1729 404 1760 the
431 1740 519 1760 same
544 1730 723 1760 connexion
746 1730 783 1760 of

154 1772 260 1803 words
296 1772 380 1803 from
416 1773 472 1803 the
503 1773 591 1813 early
620 1773 777 1804 historian

154 1815 310 1845 Claudius
334 1815 574 1855 Quadrigarius,
598 1816 662 1846 and
689 1816 778 1856 gives

154 1858 207 1888 the
223 1863 385 1888 comment
401 1858 438 1888 of
457 1859 579 1889 Fronto
599 1859 777 1899 Quadriga-

153 1901 223 1931 rz'ns
249 1902 256 1915 ‘
268 1911 340 1930 cum
364 1901 474 1931 multis
489 1900 692 1931 mortalibus'
707 1902 776 1932 Me-

152 1943 261 1974 tellum
284 1944 320 1974 in
348 1944 542 1983 Capitolimn
564 1945 682 1975 venisse
694 1945 780 1975 dixit

154 1987 405 2025 ἐμφατικώτερον
419 1997 516 2027 qaam
532 1986 562 2017 si
586 1988 593 2002 ‘
606 1997 678 2017 cnm
694 1987 775 2017 mul-

152 2029 192 2059 tis
206 2028 404 2059 lzominz'bns'
428 2029 564 2060 dixisset.
610 2030 659 2060 As
679 2029 727 2060 far
742 2040 777 2061 as

154 2072 170 2102 1
200 2081 258 2102 can
285 2072 441 2109 discover,
472 2072 586 2102 Cicero
612 2073 777 2114 generally

153 2125 224 2145 uses
255 2115 401 2145 mortales
429 2115 463 2145 in
487 2115 551 2146 this
577 2125 668 2146 sense
699 2115 777 2157 only

153 2157 231 2187 with
246 2167 360 2188 omnes.

194 2200 306 2238 totam]
328 2200 369 2231 he
381 2199 485 2240 might
494 2200 568 2231 well
578 2199 679 2241 speak
690 2200 775 2231 thus.

153 2242 224 2272 The
243 2248 372 2273 context
394 2243 470 2273 here
489 2243 515 2273 is
533 2253 610 2283 very
628 2243 776 2275 different

151 2284 236 2315 from
251 2285 321 2316 that
336 2285 372 2316 of
384 2285 529 2316 omnibus
543 2287 559 2324 ἓ
577 2296 604 2317 2.

195 2327 225 2358 6.
261 2327 418 2366 idoneam]
457 2338 491 2359 as
520 2328 672 2368 agreeing
701 2329 776 2360 well

152 2369 231 2402 with
240 2380 295 2412 my
305 2370 574 2412 earlierpractice.
596 2372 773 2410 inlustrem,

847 1013 881 1033 as
905 1002 1041 1044 making
1063 1014 1116 1034 me
1141 1003 1197 1035 the
1223 1004 1472 1045 representative

847 1046 884 1076 os
896 1057 915 1076 a
930 1046 1036 1077 whole
1050 1047 1215 1087 province.
1266 1047 1380 1077 Halm.

890 1089 998 1127 cansa]
1026 1089 1102 1120 here
1131 1090 1187 1120 the
1216 1090 1307 1120 word
1334 1090 1426 1121 bears
1453 1101 1471 1121 a

846 1142 923 1172 very
946 1131 1094 1163 different
1124 1143 1214 1163 sense
1236 1133 1319 1163 from
1341 1143 1471 1164 cansam

848 1175 962 1210 above,
989 1175 1059 1205 that
1084 1175 1119 1205 of
1142 1175 1371 1212 ‘connexion',
1404 1179 1470 1206 ‘re-

848 1217 949 1247 lation
975 1217 1012 1248 of
1032 1217 1235 1259 friendship’.
1287 1218 1331 1249 So
1347 1219 1388 1249 ad
1405 1218 1470 1250 fam

849 1268 917 1290 XIII
939 1270 975 1301 19
992 1261 1007 1298 ξ
1028 1271 1039 1290 1
1058 1261 1112 1291 sed
1129 1272 1163 1291 ea
1179 1272 1276 1291 cansa
1289 1261 1382 1292 etiam
1399 1272 1470 1292 cum

847 1303 921 1333 aliis
931 1304 1154 1343 compluribus,
1164 1304 1385 1343 familiaritas
1399 1309 1470 1335 tan-

847 1350 881 1376 ta
898 1346 988 1376 nullo
1006 1357 1077 1376 cnm
1101 1347 1224 1386 hospite,
1241 1348 1282 1377 de
1298 1358 1378 1388 prov
1394 1358 1471 1378 cons

848 1390 922 1427 §40
943 1399 1023 1429 quae
1043 1389 1084 1419 sit
1110 1390 1194 1419 milzz·
1215 1391 1298 1420 ratio
1323 1395 1351 1420 et
1375 1401 1471 1421 causa

847 1442 921 1461 cum
961 1432 1102 1470 Caesare,
1140 1432 1205 1463 and
1238 1433 1378 1473 perhaps
1413 1444 1472 1474 pro

851 1474 985 1504 Plancio
1012 1476 1027 1512 ξ
1054 1484 1103 1514 27.
1150 1475 1284 1506 Richter
1305 1476 1386 1507 adds
1412 1487 1472 1517 pro

850 1517 1004 1556 Quinctio
1019 1519 1035 1556 ἓ
1052 1519 1092 1556 48
1107 1518 1236 1559 quicum
1254 1519 1311 1549 tibi
1332 1519 1473 1559 affinitas

847 1560 973 1590 societas
1001 1571 1107 1591 omnes
1135 1561 1267 1602 deniqne
1300 1572 1414 1592 causae
1447 1567 1475 1593 et

849 1604 1083 1634 necessitudines
1103 1608 1214 1634 veteres
1235 1605 1468 1636 intercedebant.

850 1646 939 1676 Most
955 1647 1081 1686 worthy
1104 1646 1142 1678 of
1159 1652 1235 1678 note
1256 1648 1283 1678 is
1301 1658 1361 1688 pro
1382 1648 1473 1679 Sulla

848 1690 866 1727 ἓ
894 1699 933 1728 ²3
959 1693 988 1720 te
1010 1700 1031 1720 a
1056 1700 1105 1720 me
1126 1695 1189 1730 pro
1219 1691 1347 1731 magnis
1371 1692 1474 1722 causis

849 1737 974 1762 nostrae
1005 1733 1242 1763 necessitudinis
1278 1735 1471 1764 monendum

847 1785 907 1805 esse
919 1775 1012 1805 etiam
1035 1780 1128 1816 atque
1147 1776 1240 1806 etiam
1256 1781 1346 1816 puto,
1366 1777 1473 1808 where

849 1817 904 1848 the
919 1817 1060 1858 genitive
1075 1829 1110 1849 as
1124 1818 1201 1849 here
1217 1819 1243 1849 is
1260 1819 1296 1849 of
1314 1820 1370 1850 the
1385 1830 1473 1851 same

848 1861 943 1891 order
950 1871 984 1891 as
993 1861 1130 1899 laboris-g
1138 1871 1154 1899 5
1164 1872 1206 1892 on
1214 1862 1319 1892 which
1326 1873 1378 1893 see
1385 1869 1472 1894 note.

893 1904 938 1933 rei
952 1903 1111 1943 publicae]
1133 1909 1191 1935 not
1216 1905 1339 1945 merely
1360 1910 1470 1946 patro-

848 1946 928 1976 cinii
940 1957 1047 1976 cansa.
1095 1947 1157 1978 See
1172 1957 1215 1977 on
1230 1949 1246 1985 ἓ
1261 1957 1277 1987 5
1293 1948 1439 1988 defensio.

890 1989 1070 2029 cupiditate]
1126 1991 1135 2005 ‘
1146 1989 1268 2030 greed'.
1330 1991 1375 2021 So
1412 2002 1471 2031 pro

850 2031 1004 2071 Quinctio
1027 2033 1043 2070 ἓ
1060 2040 1076 2071 5
1082 2042 1099 2072 3
1115 2033 1297 2073 respirasset
1316 2035 1472 2074 cupiditas

846 2079 941 2115 atque
953 2075 1094 2106 avaritia
1103 2076 1302 2115 paullulum.

889 2118 1007 2156 scelere]
1031 2118 1064 2148 in
1088 2119 1228 2149 abstract
1249 2129 1349 2155 sense,
1374 2119 1472 2160 being

847 2159 924 2190 here
966 2161 1144 2192 connected
1184 2161 1263 2192 with
1300 2162 1466 2193 abstracts.

849 2203 993 2234 Richter.
1032 2204 1105 2234 The
1121 2204 1197 2244 only
1209 2204 1368 2235 instances
1380 2205 1395 2235 I
1409 2215 1468 2236 can

847 2245 914 2276 find
930 2256 984 2277 are
999 2245 1033 2276 in
1051 2247 1154 2286 Pliny,
1175 2257 1227 2277 see
1242 2252 1298 2278 nat
1313 2247 1376 2278 hist
1392 2255 1469 2278 XXV

844 2288 860 2325 §
876 2298 917 2320 20
932 2299 987 2319 nec
1002 2289 1170 2319 bestiarum
1186 2290 1287 2320 solnm
1303 2290 1348 2320 ad
1361 2300 1469 2322 nocen-

843 2331 922 2361 dum
937 2332 1047 2362 scelera
1063 2336 1150 2362 sunt.

878 2373 1027 2414 flagitia]
1049 2385 1101 2406 see
1117 2385 1159 2405 on
1175 2376 1191 2414 ἓ
1208 2383 1236 2414 3.
