1669 2531
604 50 619 66 θ

200 113 214 138 1
225 113 243 137 ι»
594 101 674 137 JN
706 100 741 148 ρ
785 86 898 137 ’σΑΕ
906 99 1130 138 CJLJUM

1362 98 1438 152 [IV
1462 111 1505 148 15

194 196 254 221 res
285 182 404 221 dubia
433 189 499 220 aut
533 184 698 220 obscura
731 182 807 222 sit?
861 185 1002 222 adsunt
1034 184 1213 222 homines
1241 197 1289 223 ex
1316 192 1398 223 tota
1425 198 1510 235 pro-

194 245 324 284 vincia
343 245 586 293 nobilissimi,
609 246 675 295 qui
695 255 917 296 praesentes
936 261 1006 286 vos
1027 255 1137 286 orant
1156 256 1272 297 atque
1292 250 1507 295 obsecrant,

196 311 355 357 iudices,
373 318 416 348 ut
437 311 476 348 in
491 318 621 348 actore
642 324 782 349 causae
803 324 894 349 suae
914 311 1122 360 deligendo
1142 319 1310 349 vestrum
1326 312 1509 350 iudicium

195 375 245 412 ab
276 387 346 412 suo
376 373 520 411 iudicio
540 387 589 411 ne
610 374 811 423 discrepet.

869 374 1044 413 omnium
1068 375 1267 413 civitatum
1287 375 1403 414 totius
1423 375 1511 414 Sici-

196 438 268 475 liae
288 437 501 487 legationes
521 439 661 477 adsunt
681 446 832 487 praeter
846 439 941 476 duas
961 439 1153 477 civitates:
1175 452 1335 488 quarum
1351 440 1511 478 duarum

196 503 227 541 si
246 503 441 549 adessent,
463 503 544 540 duo
564 502 725 540 crimina
743 504 805 541 vel
824 503 992 541 maxima
1010 503 1280 550 minuerentur,
1304 516 1402 552 quae
1422 517 1511 541 cum

131 567 176 603 15
198 566 256 603 his
287 565 506 603 civitatibus
541 567 573 604 C
612 565 721 603 Verri
754 566 1037 605 communicata
1070 574 1167 605 sunt.

197 645 220 668 a
248 644 310 668 me
338 630 583 679 potissimum
612 631 688 668 hoc
717 630 948 680 praesidium
979 631 1223 681 petiverunt?

1235 574 1273 605 at
1311 566 1414 605 enim
1446 580 1513 604 cur

1279 630 1309 669 si
1329 639 1428 669 esset
1448 631 1514 669 du-

199 695 305 733 bium
335 695 521 744 petissent
554 708 690 740 necne,
727 695 895 733 dicerem
929 708 996 732 cur
1030 696 1238 745 petissent:
1285 708 1390 732 nunc
1422 707 1512 733 vero

199 773 287 797 cum
308 760 347 798 id
368 759 420 797 ita
439 759 684 809 perspicuum
705 759 763 807 sit,
785 766 827 797 ut
847 759 968 797 oculis
995 759 1162 797 iudicare
1191 758 1355 808 possitis,
1382 758 1513 796 nescio

200 838 267 862 cur
292 826 367 863 hoc
395 825 489 862 mihi
519 825 750 863 detrimento
771 838 854 862 esse
883 825 1033 870 debeat,
1065 824 1095 862 si
1125 824 1163 862 id
1192 824 1285 861 mihi
1314 824 1512 869 obiciatur,

136 890 181 926 16
200 904 261 928 me
282 890 529 940 potissimum
558 903 641 928 esse
670 890 875 927 delectum.

932 902 1064 927 verum
1092 889 1131 926 id
1160 888 1253 925 mihi
1281 902 1360 926 non
1390 901 1512 934 sumo,

199 956 358 1003 iudices,
389 962 426 993 et
454 956 530 993 hoc
558 968 639 993 non
667 954 787 992 modo
817 953 856 991 in
886 953 1059 992 oratione
1085 966 1172 991 mea
1196 966 1276 991 non
1302 966 1421 1002 pono,
1447 954 1514 991 sed

194 1071 354 1108 situdinis,
375 1073 390 1109 ἓ
407 1070 448 1110 56
470 1071 537 1101 odio
559 1071 817 1109 inimiciffarum,

196 1126 255 1156 pro
274 1115 378 1145 Sestio
393 1116 409 1151 t}
428 1124 465 1144 10
480 1114 616 1154 (fficium
631 1114 815 1150 vicinilcztzss

197 1166 208 1188 1
227 1158 259 1188 in
276 1158 410 1187 Verrem
433 1158 448 1194 ἓ
472 1167 511 1195 54
538 1157 722 1187 oblivionem
748 1157 818 1186 diu-

195 1201 374 1237 turnitatis,
400 1211 458 1240 pro
482 1200 652 1237 Planci0§
679 1207 714 1238 72
740 1210 820 1230 onus

196 1243 341 1283 beneficii,
362 1245 377 1281 ξ
396 1252 435 1281 74
450 1242 544 1282 officii
557 1243 747 1273 smw'tutem.

239 1286 334 1327 quasi
360 1286 416 1324 sil]
453 1286 486 1315 in
523 1285 566 1315 all
603 1285 821 1326 propositions

197 1329 344 1360 annexed
368 1329 410 1368 by
433 1328 584 1368 particles
607 1327 643 1358 of
662 1328 820 1368 compari-

197 1383 265 1409 son,
285 1372 318 1402 in
334 1371 441 1402 which
463 1370 646 1410 something
668 1371 694 1401 is
717 1370 822 1401 stated

198 1415 268 1445 that
284 1415 361 1445 does
377 1419 433 1444 not
455 1414 595 1454 actually
611 1413 691 1444 exist
714 1414 773 1444 but
796 1414 822 1443 is

198 1458 275 1497 only
290 1457 439 1488 assumed
455 1457 504 1487 for
519 1457 573 1487 the
590 1457 666 1487 sake
683 1456 720 1486 of
733 1467 821 1486 com-

198 1500 338 1541 parison,
367 1500 420 1530 the
444 1499 645 1539 subjunctive
675 1499 701 1529 is
731 1499 821 1529 used.

203 1543 366 1583 Madvig§
382 1553 454 1584 349.
478 1543 639 1582 Compare
650 1542 690 1572 de
707 1541 823 1572 finibus

201 1594 224 1615 V
246 1588 261 1624 ξ
280 1597 319 1625 42
336 1586 439 1625 parvi
453 1585 563 1625 primo
578 1590 649 1615 ortu
665 1585 708 1614 sic
723 1585 826 1615 iacent

199 1633 356 1668 tanquam
372 1629 502 1658 omnino
517 1630 585 1658 sine
598 1628 708 1657 animo
722 1628 797 1657 siut.

243 1676 279 1701 ut
295 1682 333 1702 ne
346 1671 505 1711 dz'scrtpel]
529 1671 562 1700 in
578 1670 738 1710 objective
750 1681 823 1710 pro-

199 1714 357 1754 positions
388 1714 469 1744 after
497 1713 591 1744 verbs
620 1713 776 1753 denoting
805 1723 825 1743 a

201 1757 282 1787 wish
306 1761 343 1786 ut
347 1781 422 1787 ......
429 1767 468 1787 ne
487 1756 514 1786 is
539 1756 627 1786 osten
651 1756 824 1796 employed

200 1800 325 1830 instead
338 1799 427 1833 osne,
442 1800 485 1839 by
499 1799 603 1828 which
615 1799 640 1828 is
653 1799 824 1839 expressed

200 1842 267 1873 first
283 1842 320 1872 of
338 1842 382 1872 all
406 1843 459 1872 the
482 1841 589 1881 object
611 1852 647 1871 or
663 1842 775 1881 design
792 1841 825 1871 in

199 1885 338 1925 general,
360 1885 423 1914 and
444 1884 630 1915 afterwards
651 1885 706 1915 the
728 1894 824 1924 nega-

200 1929 279 1958 tion.
313 1928 448 1967 Madvig
463 1928 478 1964 ἓ
494 1925 564 1965 456.
606 1928 767 1967 Compare
783 1927 824 1957 ad

200 1971 265 2001 fam
282 1978 320 2000 lv
340 1981 350 2001 1
370 1972 385 2007 ξ
404 1981 420 2000 2
448 1969 589 2000 Trebatio
613 1970 769 2000 mandavi
790 1974 827 1999 ut

199 2014 228 2044 si
249 2013 329 2054 quid
340 2017 374 2042 m
390 2023 460 2042 eum
476 2012 565 2042 velles
579 2013 625 2042 αιί
638 2023 685 2043 me
707 2013 828 2043 millae

201 2067 241 2086 ne
255 2060 417 2086 recusaret.

242 2097 336 2138 duas]
375 2099 450 2128 here
480 2098 496 2128 I
534 2098 616 2128 have
653 2097 732 2138 kept
769 2097 824 2128 the

203 2149 267 2171 MSS
314 2141 456 2181 reading,
499 2140 666 2180 following
706 2141 824 2180 Zumpt

201 2185 266 2214 and
287 2184 428 2214 Richter.
466 2188 596 2223 praclt’r
613 2184 823 2222 duas-:pmc-

200 2234 247 2257 ter
267 2227 430 2266 legationes
455 2227 597 2256 duarum
624 2226 822 2264 (civitatum).

201 2269 266 2299 For
282 2270 335 2300 the
359 2269 567 2301 abbreviated
583 2268 664 2298 form
681 2268 717 2298 of
739 2278 824 2298 com-

202 2313 331 2352 parison
352 2322 404 2342 see
428 2312 482 2342 the
508 2317 600 2342 notes
624 2311 660 2341 of
688 2311 826 2341 Kiihner

203 2365 246 2385 on
269 2355 354 2385 Tusc
374 2355 446 2395 disp
463 2362 474 2384 1
490 2355 506 2392 ἓ
524 2365 540 2387 2
558 2354 622 2386 and
645 2353 682 2384 of
702 2353 825 2386 Profes-

890 1081 942 1101 sor
958 1071 1075 1111 Mayor
1089 1081 1131 1101 on
1146 1071 1283 1112 Juvenal
1301 1079 1344 1101 111
1363 1079 1402 1110 74
1417 1081 1516 1101 semna

890 1115 976 1144 Isaeo
992 1115 1170 1151 torrentior,
1188 1114 1256 1145 also
1273 1114 1408 1154 Madvig
1424 1115 1439 1151 ἓ
1457 1115 1516 1144 280

891 1157 950 1187 obs
968 1168 995 1187 2.

933 1200 1004 1230 The
1031 1203 1095 1230 two
1121 1204 1218 1230 states
1244 1199 1382 1230 referred
1405 1204 1439 1230 to
1463 1210 1516 1229 are

892 1242 1044 1272 Messana
1068 1243 1108 1280 (11
1129 1243 1161 1272 in
1179 1243 1313 1273 Verrem
1329 1244 1416 1280 1V§§
1439 1252 1517 1280 15-

895 1286 945 1324 17)
962 1285 1024 1315 and
1043 1285 1201 1325 Syracuse
1214 1287 1255 1324 (11
1273 1286 1304 1323 ἓξ
1321 1295 1458 1325 45—47,
1479 1292 1516 1315 lv

890 1329 906 1365 ἓ
928 1329 1010 1367 138).

933 1372 994 1401 duo
1021 1370 1173 1409 elimina]
1211 1370 1260 1401 for
1290 1371 1344 1401 the
1375 1371 1514 1401 Mamer-

890 1414 972 1444 tines
996 1424 1048 1444 see
1072 1421 1098 1443 11
1123 1414 1155 1443 in
1172 1413 1305 1444 Verrem
1331 1421 1368 1443 IV
1383 1416 1417 1451 ἓξ
1438 1423 1517 1454 19—

893 1466 908 1486 2
918 1467 941 1494 1,
959 1456 1006 1486 sor
1016 1456 1070 1486 the
1083 1456 1278 1496 Syracusans
1291 1464 1318 1486 11
1333 1458 1366 1494 §S
1380 1464 1514 1495 45—47,

894 1507 930 1529 1v
948 1500 962 1536 ἓ
983 1508 1052 1538 ¹39·

935 1552 1033 1572 comm
1039 1541 1181 1580 mzicata]
1191 1555 1218 1566 z
1226 1543 1418 1578 communia,
1452 1541 1516 1571 and

893 1585 1097 1615 constructed
1110 1585 1327 1625 accordingly.
1354 1585 1516 1624 Compare

894 1628 972 1657 with
997 1627 1099 1657 Halm
1122 1637 1181 1667 pro
1204 1628 1289 1657 Rosc
1306 1628 1438 1664 Amer§
1460 1636 1515 1666 142

894 1671 946 1700 ille
962 1670 1213 1710 improbissinms
1233 1671 1259 1700 C
1259 1670 1430 1710 lz721‘sogonz‘
1434 1669 1516 1710 filu-

893 1717 943 1743 tor
957 1713 1015 1753 qui
1027 1713 1087 1743 sibi
1100 1723 1172 1743 cum
1188 1713 1242 1743 illo
1261 1713 1415 1743 rationem
1437 1723 1516 1742 com—

895 1757 1091 1786 manicatam
1102 1760 1208 1796 putat.

942 1808 989 1838 15.
1021 1803 1056 1829 at
1075 1799 1174 1837 enim]
1210 1799 1301 1834 ‘but‚
1327 1798 1352 1829 it
1381 1807 1457 1838 may
1476 1797 1518 1828 be

893 1842 1021 1881 urged'.
1067 1841 1139 1872 The
1168 1841 1295 1882 regular
1323 1851 1431 1882 usage,
1465 1851 1518 1871 see

895 1884 1032 1924 Madvig
1054 1885 1070 1922 ἓ
1093 1892 1153 1923 437
1171 1895 1197 1915 c.

937 1927 1079 1965 dicerem]
1107 1928 1134 1957 ⁴1
1159 1926 1267 1957 would
1290 1924 1363 1966 say'
1382 1925 1518 1966 (though

894 1980 968 2000 now
986 1970 1001 2000 I
1025 1970 1093 2000 will
1116 1968 1197 2009 not).
1248 1970 1302 2000 He
1327 1969 1404 1999 does
1428 1969 1517 1999 how-

894 2023 969 2043 ever
998 2017 1080 2043 state
1109 2012 1133 2043 it
1156 2012 1278 2043 further
1303 2022 1345 2042 on
1371 2012 1404 2042 in
1432 2013 1448 2049 ἓ
1481 2011 1517 2042 16

894 2055 993 2085 unius
1007 2056 1158 2096 cuiusque
1168 2055 1313 2095 temporis
1318 2078 1436 2085 .........

936 2097 1047 2138 oculis]
1070 2108 1122 2129 see
1138 2108 1181 2128 on
1195 2099 1211 2135 ἓ
1229 2107 1278 2137 ²7·

937 2140 1133 2179 (bh-lmento]
1155 2151 1207 2171 see
1225 2141 1277 2170 Mr
1295 2139 1390 2179 Roby
1405 2150 1447 2169 on
1464 2139 1518 2170 the

895 2185 902 2199 ‘
916 2183 1112 2224 predicative
1128 2183 1254 2214 dative’
1278 2183 1311 2213 in
1333 2182 1461 2223 presaee
1485 2187 1518 2213 to

894 2226 948 2257 vol
966 2233 991 2255 ΙΙ
1009 2225 1046 2256 of
1057 2226 1108 2264 his
1120 2235 1290 2266 grammar.

943 2268 988 2299 16.
1014 2279 1077 2299 non
1091 2268 1194 2307 sumo]
1210 2278 1246 2299 so
1262 2268 1295 2298 in
1311 2278 1370 2308 pro
1385 2267 1518 2298 Plancio

899 2313 960 2350 §3-

942 2364 1007 2384 που
1024 2353 1124 2394 pono]
1148 2363 1299 2395 compare
1320 2353 1374 2384 the
1400 2352 1462 2383 end
1486 2352 1522 2383 os
