1669 2531
227 531 550 566 VARIATIONS
586 529 732 564 FROM
767 528 983 563 ZUMPT’S
1018 528 1158 562 TEXT
1194 528 1260 562 OF
1294 527 1404 561 THE

456 599 614 634 ACTIO
651 599 666 632 1
704 599 759 632 IN
796 598 1021 632 VERREM
1058 597 1184 642 (1831).

207 741 224 778 ἓ
242 750 268 780 3.
317 739 504 780 religionem
524 738 769 779 veritatemque.

206 794 223 830 ἓ
240 800 268 829 5.
313 797 379 822 tam
396 797 478 823 esset
493 792 657 822 obscurus.

207 846 223 883 ἓ
239 844 268 876 6.
316 845 349 875 in
365 845 503 876 Achaia.

206 899 223 935 ἓ
241 904 270 936 7.
315 902 362 928 tot
377 908 502 938 graves.

206 953 223 989 ἓ
243 960 289 982 10.
336 952 527 982 convictam.

206 1005 223 1042 ξ
243 1014 291 1034 12.
335 1005 463 1035 vexavit
479 1015 517 1035 ac
533 1004 685 1045 perdidit.

206 1059 223 1095 ἓ
244 1067 289 1096 ¹9·
338 1058 367 1089 ei
377 1068 455 1088 voce
468 1058 608 1088 maxima
618 1057 786 1088 victoriam

163 1111 351 1151 gratulatur.

206 1166 223 1203 ἓ
240 1175 288 1196 21.
337 1169 372 1195 ut
413 1165 440 1196 is
481 1165 617 1196 domum
656 1175 785 1205 quoque

164 1228 281 1258 pueros
296 1218 446 1249 mitteret.

206 1271 222 1308 ἕ
240 1279 288 1312 29.
337 1281 402 1301 non
420 1271 621 1303 habebimus.

204 1325 221 1361 ἓ
239 1333 289 1363 3²·
334 1323 460 1364 capiam
480 1324 618 1355 fructum
639 1335 677 1355 ex
693 1335 784 1356 accu-

163 1378 309 1407 satione:
332 1376 507 1417 perficiam.

204 1430 221 1466 g
238 1426 289 1468 36.
333 1428 396 1459 hoc
412 1429 491 1459 mihi
507 1440 608 1460 sumo.

205 1482 221 1519 ἓ
238 1482 286 1521 38.
335 1481 426 1512 nullo
450 1481 555 1513 iudice
577 1483 700 1524 [equite
717 1484 781 1514 Ro-

161 1544 259 1564 mano
275 1534 459 1573 iudicante}

203 1588 220 1624 ἓ
237 1597 286 1626 43.
335 1591 461 1628 tempus
474 1588 783 1628 opportunissimum

162 1638 224 1670 hoc
239 1639 341 1671 vobis.

207 1694 224 1730 ἓ
241 1702 291 1732 53.
336 1698 371 1723 ut
388 1693 518 1733 [Siculi]
535 1704 625 1735 quos.

204 1747 221 1784 ἓ
240 1754 289 1784 55.
334 1746 390 1776 ubi
434 1747 469 1777 id
527 1747 782 1788 [interrogando]

163 1799 360 1838 argumentis
385 1803 483 1840 atque
509 1801 655 1832 oratione
677 1801 782 1833 firma-

163 1861 250 1884 vero.

898 737 1085 778 religionem
1103 738 1380 778 severitatemque.
1428 737 1462 768 Z.

897 794 964 820 tam
980 795 1063 821 esset
1079 795 1211 821 astutus.
1256 791 1292 820 Z.

896 842 930 872 in
947 843 1119 873 Achaiam.
1164 844 1198 873 Z.

897 900 944 926 tot
960 901 1027 926 tam
1041 907 1165 937 graves.
1215 897 1250 927 Z.

896 949 1111 980 coniunctam.
1157 950 1192 981 Z.

896 1003 1034 1034 vastavit
1050 1004 1179 1034 vexavit
1195 1014 1233 1034 ae
1248 1003 1401 1044 perdidit.
1439 1003 1476 1033 Z.

897 1057 925 1087 ei
942 1067 1023 1087 voce
1039 1057 1180 1088 maxima
1194 1057 1380 1098 gratulatur.
1430 1057 1464 1088 Z.

897 1167 932 1194 ut
944 1165 970 1193 is
981 1163 1114 1194 domum
1127 1174 1255 1205 quoque
1268 1163 1417 1195 mitteret.
1438 1164 1472 1195 Z.

896 1281 962 1302 non
977 1270 1144 1302 habemus.
1197 1271 1230 1301 Z.

897 1324 1023 1365 capiam
1052 1324 1199 1361 fructum,
1224 1328 1255 1354 et
1283 1335 1322 1355 ex
1348 1334 1474 1355 accusa.-

853 1377 940 1408 tione
956 1376 1130 1417 perficiam.
1178 1377 1212 1408 Z.

894 1430 957 1461 hoc
972 1441 1074 1461 sumo.
1125 1431 1159 1460 Z.

894 1482 984 1513 nullo
1025 1482 1131 1513 iudice
1173 1483 1281 1524 equite
1324 1483 1475 1514 Romano

851 1535 1022 1566 iudicante.
1069 1535 1105 1565 Z.

894 1593 1021 1629 tempus
1041 1588 1103 1619 hoc
1119 1588 1221 1619 vobis.
1268 1589 1304 1618 Z.

893 1700 928 1726 ut
947 1695 1047 1726 Siculi
1063 1705 1154 1736 quos.
1202 1696 1238 1726 Z.

893 1750 949 1780 ubi
972 1749 1005 1780 id
1027 1750 1257 1790 interrogando
1279 1752 1476 1792 argumentis

851 1808 948 1844 atque
965 1804 1111 1835 oratione
1128 1804 1308 1835 firmavero.
1354 1805 1389 1837 Z.
