1669 2531
168 94 218 141 35
561 94 644 131 [Ν
676 93 711 141 Q
754 93 1093 131 CAECJLJUM
1315 93 1408 147 [XV
1428 108 1477 144 49

167 175 339 222 excellat,
370 174 425 213 sic
452 174 567 212 faciet
591 174 778 213 Alienus:
816 175 886 213 tibi
915 175 1064 223 serviet,
1089 175 1159 213 tibi
1184 177 1478 225 lenocinabitur,

98 243 147 280 49
167 235 293 277 minus
324 239 521 288 aliquanto
554 239 765 277 contendet
802 252 918 288 quam
950 246 1088 288 potest.
1146 239 1223 277 iarn
1252 242 1328 280 hoc
1357 242 1481 280 consi-

168 304 312 349 derate,
334 302 441 340 cuius
465 303 572 340 modi
597 310 837 341 accusatores
863 302 903 339 in
929 310 1036 341 tanto
1062 303 1205 341 iudicio
1234 304 1351 343 simus
1377 306 1483 344 habi-

169 361 259 415 turi,¹
290 382 377 406 611111
410 375 447 405 61
480 367 562 416 ipse
592 366 752 404 Alienus
784 380 832 405 ex
861 380 906 405 ea
931 368 1121 414 facultate,
1150 367 1181 405 si
1208 381 1323 417 quam
1351 370 1480 417 habet,

169 433 407 482 aliquantum
437 432 674 469 detracturus
695 431 753 477 sit,
776 439 814 469 et
835 432 1024 470 Caecilius
1050 440 1132 470 tum
1159 432 1326 481 denique
1352 446 1392 471 se
1419 434 1484 471 ali-

171 498 264 547 quid
283 498 450 534 futurum
470 502 590 544 putet,
612 495 643 533 si
662 496 822 534 Alienus
843 496 968 534 minus
988 497 1199 534 vehemens
1219 497 1331 535 fuerit
1352 504 1389 535 et
1409 497 1483 536 sibi

169 560 310 610 primas
340 559 380 596 in
410 557 580 596 dicendo
612 565 738 607 partes
772 559 1015 596 concesserit.
1073 567 1251 608 quartum
1285 573 1401 609 quern
1435 560 1484 598 sit

171 621 369 659 habiturus
402 632 482 657 non
512 619 639 666 video,
673 620 746 657 nisi
777 633 892 668 quem
917 622 1014 658 forte
1044 634 1091 659 ex
1123 621 1189 660 illo
1221 635 1334 671 grege
1364 635 1485 660 mora-

172 693 309 732 torum,
340 684 406 734 qui
432 684 753 733 subscriptionem
779 685 852 723 sibi
880 687 1131 734 postularunt,
1159 687 1389 736 cuicumque
1414 701 1484 726 vos

106 754 153 791 50
173 750 408 789 delationem
428 748 640 786 dedissetis.
694 762 741 787 ex
761 749 899 798 quibus
919 749 1160 789 alienissimis
1186 751 1407 789 hominibus
1433 752 1485 790 ita

171 823 324 865 paratus
343 814 450 852 venis
470 821 512 851 ut
532 813 600 852 tibi
628 816 769 863 hospes
798 814 934 863 aliquis
961 815 1008 852 sit
1034 815 1285 864 recipiendus.
1344 816 1483 865 quibus

173 892 244 928 ego
277 891 356 916 non
394 889 478 915 sum
509 883 659 914 tantum
687 878 876 914 honorem
908 877 1117 925 habiturus,
1152 886 1195 916 ut
1226 879 1276 916 ad
1307 892 1352 916 ea
1384 891 1484 927 quae

173 943 340 981 dixerint
370 949 474 979 certo
502 942 590 979 loco
619 949 686 979 aut
716 941 935 990 singillatim
969 942 1177 991 unicuique
1207 944 1486 992 respondeam:

174 1007 229 1045 sic
265 1006 440 1053 breviter,
479 1006 663 1056 quoniam
701 1019 781 1043 non
818 1007 1007 1053 consulto⁷
1043 1008 1111 1044 sed
1149 1020 1238 1045 casu
1276 1007 1315 1045 in
1353 1021 1485 1046 eorum

175 1070 415 1108 mentionem
443 1070 572 1117 incidi,
604 1071 711 1119 quasi
740 1070 971 1119 praeteriens
1001 1071 1090 1108 satis
1119 1071 1256 1109 faciam
1287 1072 1483 1110 universis.

180 1135 237 1171 16.
273 1141 429 1172 tantane
458 1134 569 1172 vobis
600 1133 732 1183 inopia
769 1133 903 1171 videor
934 1147 1017 1172 esse
1049 1134 1272 1181 amicorum,
1311 1142 1352 1173 ut
1390 1134 1486 1173 mihi

1341 1238 1372 1268 It
1396 1237 1422 1268 is
1445 1247 1487 1268 no

866 1290 969 1311 worse
998 1281 1076 1310 than
1113 1291 1210 1320 many
1240 1280 1332 1310 other
1369 1280 1405 1310 of
1437 1280 1488 1310 his

862 1322 969 1362 jokes.
1016 1323 1194 1362 Quintilian
1223 1330 1261 1352 VI
1291 1332 1307 1360 3
1334 1324 1350 1360 ξ
1375 1332 1391 1362 3
1416 1333 1487 1362 says

219 1246 270 1278 49.
315 1237 423 1267 ea...sz'
440 1237 551 1278 quam]
575 1248 610 1268 so
638 1237 755 1267 Brutus
781 1238 797 1274 ξ

177 1289 249 1319 242,
270 1280 310 1310 de
326 1279 370 1310 sm
387 1288 425 1310 1V
445 1283 460 1318 ξ
482 1290 532 1320 49.
584 1281 646 1311 See
664 1280 799 1320 Madvig

179 1324 196 1360 ἓ
214 1324 275 1362 484
286 1323 317 1353 b.

865 1242 898 1268 to
915 1248 982 1278 pun
998 1248 1085 1277 upon
1102 1237 1171 1268 that
1187 1248 1290 1268 name.

219 1365 385 1406 quartum]
416 1365 470 1396 the
496 1365 606 1396 leader
635 1376 700 1395 was
731 1365 799 1395 also

178 1418 197 1438 a
225 1408 423 1448 subscriptor,
464 1419 517 1438 see
553 1408 729 1449 Appendix
760 1409 798 1437 B.

179 1451 268 1481 Four
296 1461 361 1480 was
391 1451 446 1481 the
476 1451 566 1481 usual
602 1451 738 1480 number
767 1450 804 1480 of

178 1493 308 1523 counscl
339 1493 481 1524 retained
512 1504 554 1524 on
581 1504 642 1524 one
672 1494 740 1524 side
767 1498 800 1524 at

179 1537 243 1566 11115
256 1536 340 1566 date.

222 1578 431 1616 moratorum]
487 1578 642 1618 delayers.
697 1580 798 1618 ‘stop-

180 1620 283 1661 gaps’.
342 1621 414 1651 The
449 1621 524 1661 play
555 1632 596 1651 on
625 1621 678 1651 the
709 1621 799 1651 word

179 1668 342 1694 oratorum
372 1674 398 1694 15
429 1664 572 1694 obvious.
623 1664 685 1694 But
715 1664 800 1693 whe-

181 1706 252 1736 ther
268 1706 322 1736 the
343 1705 421 1746 joke
437 1707 477 1736 be
495 1706 635 1737 Cicero's
652 1717 686 1736 or
702 1717 744 1736 no
761 1706 795 1742 is,

181 1759 216 1779 as
244 1749 377 1779 Richter
402 1749 556 1784 remarks,
579 1749 666 1789 quite
689 1759 799 1779 uncer-

181 1792 256 1821 tain.
307 1791 379 1821 Nor
394 1791 436 1821 do
452 1802 500 1821 we
523 1792 621 1822 know
644 1792 801 1831 anything

181 1834 218 1864 of
240 1834 293 1864 the
321 1834 401 1864 class
432 1834 468 1863 of
493 1845 568 1864 men
595 1834 718 1874 spoken
746 1835 799 1864 os:

179 1876 228 1907 for
252 1877 306 1906 the
324 1875 510 1906 Scholiast's
533 1882 608 1906 note
627 1877 652 1907 is
668 1887 687 1906 a
703 1882 799 1907 trinn-

180 1930 259 1960 pery
275 1919 365 1959 piece
381 1919 416 1949 of
427 1919 638 1958 guess-work.

216 1962 440 2002 postularunt]
458 1972 506 1991 we
517 1972 568 1991 566
582 1962 649 1991 that
663 1961 716 1991 the
728 1961 801 2001 jury

180 2004 214 2034 in
240 2014 259 2034 a
282 2004 437 2033 divinatio
463 2004 527 2033 had
553 2010 586 2033 10
608 2004 720 2034 decide
744 2009 799 2033 not

181 2046 257 2086 only
273 2046 346 2076 who
362 2046 477 2076 should
494 2046 565 2076 lead
583 2046 636 2076 the
653 2057 799 2086 prosecu-

181 2090 260 2126 tion,
276 2090 332 2119 bnt
347 2089 419 2118 who
433 2089 546 2119 should
560 2094 610 2119 act
624 2088 799 2128 asjuniors.

183 2132 244 2163 See
260 2132 363 2161 above
379 2141 420 2160 on
437 2133 452 2168 ἓ
474 2140 518 2161 10.

226 2183 274 2212 50.
322 2173 535 2211 allhnissz'nn's]
558 2173 680 2213 though
699 2173 801 2202 Halm

182 2227 241 2247 can
271 2227 323 2246 see
353 2226 395 2246 no
425 2216 562 2246 allusion
599 2216 632 2245 in
669 2216 732 2245 this
769 2221 801 2245 to

182 2259 317 2289 Alienus
344 2259 530 2289 mentioned
552 2259 666 2292 above,
685 2258 699 2287 I
717 2263 802 2288 must

181 2301 432 2340 unhesitatingly
450 2311 543 2340 agree
566 2300 644 2330 with
669 2300 802 2330 Richter

180 2346 213 2373 in
229 2344 442 2383 maintaining
463 2343 532 2374 that
557 2343 671 2374 Cicero
694 2348 802 2374 meant

866 1370 970 1395 noster
1002 1376 1073 1396 vero
1105 1365 1246 1404 (Cicero)
1284 1376 1349 1395 uon
1385 1365 1486 1395 selum

865 1412 954 1438 cxh‘a
971 1408 1087 1438 indl'rz'a
1102 1408 1155 1438 sed
1167 1408 1202 1438 in
1219 1408 1294 1448 ipsis
1308 1408 1400 1437 ellam
1417 1419 1486 1438 0777-

866 1451 1002 1481 liom'lms
1030 1451 1156 1481 lmbitus
1184 1455 1227 1481 est
1255 1451 1377 1481 nimius
1402 1451 1488 1480 risus

865 1493 1032 1533 affi'clal‘or.

908 1537 953 1566 ita
978 1540 1116 1575 paratus
1139 1535 1238 1573 venis]
1263 1535 1352 1566 these
1379 1535 1485 1565 words

865 1578 1003 1609 inserted
1018 1578 1081 1618 (see
1095 1578 1254 1617 Madvig§
1268 1577 1329 1617 476
1341 1578 1375 1614 d)
1387 1578 1487 1608 break

866 1621 920 1651 the
941 1621 1158 1651 construction
1180 1620 1216 1650 of
1238 1621 1292 1650 the
1319 1626 1488 1657 sentence3

866 1664 923 1694 but
948 1664 1001 1694 the
1027 1664 1072 1693 ila
1096 1663 1185 1693 leads
1208 1669 1241 1693 to
1266 1663 1319 1693 the
1343 1663 1486 1703 employ-

866 1711 955 1736 ment
985 1705 1021 1736 of
1047 1710 1083 1735 ut
1111 1706 1174 1735 and
1205 1705 1259 1735 the
1291 1710 1487 1745 consequent

867 1749 1074 1788 dependence
1091 1748 1127 1778 of
1147 1748 1200 1778 the
1216 1748 1302 1778 verb.
1354 1748 1487 1778 Richter

865 1791 939 1821 well
956 1801 1122 1831 compares
1139 1791 1178 1821 de
1195 1801 1228 1820 re
1244 1790 1372 1831 publica
1389 1798 1400 1820 Ι
1418 1792 1433 1827 ἓ
1448 1791 1486 1829 58

865 1833 901 1869 si,
936 1838 972 1863 ut
1005 1834 1115 1863 Gracci
1146 1833 1265 1870 dicunt,
1298 1843 1401 1863 omnes
1430 1837 1488 1863 aul

871 1877 998 1906 Graecas
1025 1887 1083 1906 nme
1106 1880 1164 1905 ant
1187 1875 1343 1905 barbaros.
1395 1875 1438 1906 So
1454 1877 1487 1905 in

866 1920 882 1955 ἓ
907 1929 943 1957 4¹
974 1919 1077 1948 above
1103 1929 1152 1948 we
1178 1918 1260 1948 have
1282 1922 1319 1947 ut
1341 1916 1484 1956 (=‘as')

866 1961 1006 2000 brought
1030 1961 1061 1991 in
1085 1961 1127 2000 by
1153 1971 1194 1991 an
1218 1960 1358 1991 inserted
1380 1959 1487 1990 clause

867 2004 1053 2043 containing
1073 2004 1125 2033 ila.
1174 2003 1264 2033 Here
1286 2003 1331 2032 ita
1348 2007 1487 2042 paratus

873 2051 974 2076 :tam
1012 2046 1095 2076 male
1122 2050 1271 2086 paratus,
1311 2055 1345 2075 as
1383 2045 1486 2075 Halm

867 2098 949 2127 says.

908 2131 951 2160 sic
966 2130 1108 2169 breviter]
1127 2130 1193 2170 just
1209 2130 1241 2160 in
1258 2140 1276 2160 a
1292 2129 1353 2160 few
1368 2129 1484 2159 words.

869 2174 934 2203 For
960 2173 1024 2203 this
1050 2184 1106 2204 1156
1133 2173 1169 2203 of
1188 2173 1230 2202 sic
1252 2182 1403 2212 compare
1422 2172 1486 2202 Ter

868 2216 989 2245 Phorm
1024 2225 1078 2253 145
1115 2215 1196 2256 qnid
1226 2215 1273 2245 rel
1299 2214 1407 2254 gerit?
1443 2215 1486 2244 sic

865 2259 1008 2296 tcnm'ler,
1039 2259 1112 2288 Hor
1143 2267 1229 2288 carm
1258 2265 1284 2287 11
1316 2266 1349 2287 11
1381 2266 1417 2295 14
1441 2256 1486 2287 sic

867 2305 983 2332 tancre.
